2275 3025
346 105 450 156 226
883 101 962 153 M.
1000 103 1062 153 A.
1097 100 1419 154 MURE'rl

350 204 459 266 dit,
500 203 556 253 id
582 203 965 254 munusculum
994 204 1105 268 ipsi
1123 204 1422 269 ,ingratum
1449 214 1560 250 non
1587 197 1730 250 fore.
1807 197 1958 250 Seri·-

348 270 589 323 bendum
607 267 743 318 mihi
764 275 849 319 est
870 269 941 319 ad
968 269 1205 331 multos,
1231 276 1288 320 et
1313 271 1422 318 iam
1456 269 1751 317 noctescit.
1818 267 1960 316 Ama

349 351 458 397 me,
482 335 712 407 Sacrate
732 337 833 396 mi,
854 336 947 385 vir
960 337 1338 386 eruditissime
1358 342 1416 386 et
1441 371 1456 396 ,
1477 335 1632 400 quod
1649 347 1758 400 ego
1777 331 1956 382 multo

352 402 527 518 plluris
546 401 695 452 facio
708 437 725 462 ,
750 403 956 468 optime
980 409 1039 452 et
1055 404 1446 468 integerrime:
1465 415 1589 451 ania
1617 415 1706 452 me
1737 404 1794 450 ct
1811 398 1957 448 vale.

405 483 580 518 omae.
600 469 662 518 A.
684 469 735 518 d.
758 483 841 519 w.
863 469 942 519 ld.
963 468 1215 519 Martias.
1240 482 1462 518 mnnxv.
1523 501 1529 508 -

785 727 911 780 XV.
950 743 1175 780 mnan
1214 743 1537 782 swan-o.

422 797 579 882 Etsi
598 831 777 879 serius
807 829 876 878 ad
905 835 962 880 te
992 831 1180 881 scribo
1211 845 1373 897 quam
1403 834 1756 896 oportuerat,
1791 840 1962 894 spero

355 903 571 958 tamen,
602 901 659 946 te
690 897 811 945 eius
838 897 925 946 rei
950 899 1169 947 veniam
1197 895 1330 947 mihi
1354 897 1633 958 daturum,
1655 911 1797 958 cum,
1818 909 1961 960 quae

354 968 469 1016 tam
490 963 738 1015 diuturni
755 963 966 1013 silentii
999 978 1169 1014 causa
1197 963 1395 1024 fuerit,
1426 965 1778 1030 cognoveris.
1849 960 1961 1011 No-

355 1031 537 1082 lebam
566 1030 637 1080 ad
664 1036 723 1080 te
754 1029 971 1080 litteras
992 1045 1146 1080 meas
1167 1033 1288 1080 sine
1311 1030 1498 1094 aliquo
1518 1026 1844 1078 munusculo
1870 1042 1963 1076 ve-

354 1099 503 1158 nire,
524 1097 766 1164 ideoque
790 1097 1200 1163 exspectabam,
1216 1095 1342 1146 dum
1360 1094 1674 1145 habuissem
1696 1109 1818 1144 eam
1842 1108 1964 1143 ora-

354 1165 585 1226 tionem,
606 1165 823 1228 *)quae;
846 1171 907 1213 ut
926 1165 1067 1226 scis,
1090 1162 1226 1213 mihi
1260 1177 1430 1213 causa
1455 1161 1639 1212 fuerat
1668 1160 1776 1211 huc
1797 1161 1966 1211 citius

268 1266 287 1286 t
356 1245 521 1296 quam
541 1230 827 1295 opinabar,
847 1229 1185 1290 revertendi,
1209 1239 1268 1279 ut
1289 1243 1410 1280 eam
1431 1229 1502 1280 ad
1524 1235 1582 1278 te
1602 1243 1712 1278 una
1731 1240 1858 1278 cum
1874 1227 1964 1278 lit-

354 1297 493 1346 teris
530 1297 825 1346 mitterem.
896 1295 1085 1345 Habui
1131 1302 1316 1346 autem
1366 1310 1488 1345 eam
1525 1294 1725 1348 nudius
1763 1294 1966 1344 tertius

353 1367 511 1412 tanta
532 1362 773 1410 omnium
806 1361 1240 1425 approbatione,
1277 1369 1484 1428 quanta
1514 1359 1649 1411 mihi
1687 1376 1798 1410 nun
1838 1375 1970 1410 uam

356 1428 687 1493 contigerat.
742 1425 936 1492 Neque
957 1429 1323 1492 tamen‚qu0d
1342 1434 1635 1492 tantopere
1657 1427 1816 1492 eupie
1855 1443 1966 1488 vmn,

355 1508 583 1561 possum
604 1490 784 1543 adhuc
818 1495 939 1545 eius
967 1497 1023 1544 te
1044 1494 1373 1561 participem
1393 1494 1600 1545 facere.
1672 1493 1968 1545 lutei-dixit

358 1564 505 1612 enim
530 1561 736 1611 Orator
774 1560 1010 1627 Regius,
1050 1576 1119 1611 ne
1163 1563 1419 1628 cuiquam
1457 1560 1668 1612 homini
1708 1561 1828 1611 eius
1867 1566 1969 1611 aut

358 1628 753 1695 adspiciendae
791 1634 888 1679 aut
910 1628 1312 1679 describendae
1334 1635 1670 1695 potestatem
1699 1626 1966 1688 facerem,

358 1701 651 1763 antequam
675 1710 794 1746 eam
816 1696 937 1761 ipse
958 1696 1208 1747 misisset
1228 1696 1298 1746 ad
1319 1696 1554 1762 Regem,
1591 1694 1968 1759 explorasset-
2019 1720 2030 1731 ·

280 1786 287 1793 ·
360 1778 465 1829 que
486 1764 554 1813 ab
578 1778 646 1811 eo
666 1777 769 1827 per
786 1762 1021 1824 litteras»,
1042 1764 1364 1829 placeretne
1389 1777 1510 1813 eam
1531 1761 1682 1811 divul
1725 1762 1827 1811 ari.
1855 1759 1966 1811 Ex-

360 1829 721 1894 spectandum
758 1828 931 1893 igitur
967 1831 1077 1879 erit
1107 1830 1215 1879 tibi
1246 1830 1462 1895 aliquot
1489 1828 1627 1878 dies·
1743 1828 1812 1877 ed
1841 1840 1968 1875 cum

358 1894 594 1958 primum
614 1893 825 1955 licebit,
848 1894 1144 1959 polliceor,
1165 1910 1254 1945 me
1279 1895 1418 1945 nulli
1444 1895 1598 1962 prius
1627 1908 1749 1943 eam
1767 1894 1964 1945 missu·

358 1974 481 2009 rum
503 1972 661 2023 quam
683 1958 805 2007 tibi.
876 1959 1133 2010 Postulat
1166 1959 1274 2011 hoc
1295 1976 1453 2011 amor
1473 1976 1608 2027 erga
1627 1976 1716 2011 me
1748 1965 1878 2009 tuus
1907 1965 1967 2009 et

358 2026 461 2077 illa
479 2031 577 2074 tua
596 2030 655 2073 et
682 2022 913 2073 fratrum
940 2032 1162 2075 tuorum
1191 2026 1360 2077 nullis
1381 2029 1520 2077 meis
1546 2026 1743 2078 officiis
1763 2040 1964 2091 provo-

360 2097 489 2143 cata
514 2094 571 2143 in
598 2106 689 2141 me
716 2089 1133 2154 benevolentia,
1161 2107 1302 2157 quae
1331 2100 1600 2159 perpetuo
1639 2094 1968 2145 obversatur

360 2159 545 2209 animo
566 2172 693 2209 meo
717 2163 775 2207 et
796 2157 1071 2207 interdum
1094 2160 1384 2225 quiescere
1405 2175 1492 2210 me
1514 2176 1625 2211 non
1646 2161 1780 2213 sinit
1795 2196 1810 2222 ,
1834 2172 1966 2225 quo·

363 2226 533 2277 modo
554 2226 775 2291 insigne
798 2224 1008 2290 aliquid
1032 2227 1278 2275 omnium
1309 2231 1554 2277 vestrum
1583 2242 1753 2277 causa
1777 2226 1966 2277 facere

362 2294 572 2360 possim
591 2329 607 2353 ‚
650 2292 1009 2358 cogitantem.
1100 2292 1317 2352 Quodsi
1361 2292 1499 2344 nihil
1545 2293 1700 2343 aliud
1744 2297 1993 2359 potero,

364 2365 518 2410 certe
548 2366 733 2409 tamen
763 2360 822 2409 in
851 2358 1039 2424 aliqua
1066 2365 1226 2425 parte
1259 2360 1591 2425 scriptorum
1627 2374 1899 2420 meorum,
1919 2357 1973 2407 si

418 2436 460 2488 ⁸)
493 2436 561 2478 Ea
590 2440 661 2479 est
688 2440 757 2478 13.
778 2433 959 2479 volum.
980 2436 1019 2479 Ι.
1040 2442 1091 2479 ut
1115 2440 1284 2491 partim
1309 2452 1372 2480 ex
1391 2452 1508 2481 anno
1528 2438 1602 2481 illi
1620 2439 1854 2491 adscripto
1875 2434 1972 2479 col·

364 2490 509 2542 ligere
528 2489 652 2539 licet,
704 2492 751 2532 ui
774 2492 892 2533 idem
915 2496 987 2534 est
1006 2496 1052 2535 et
1068 2496 1328 2547 praesentis
1349 2492 1595 2547 epistolam
1626 2494 1798 2547 purtim
1817 2505 1878 2534 ex
1898 2504 1968 2541 eo,

366 2545 485 2597 quod
507 2544 581 2585 hic
600 2558 686 2597 pau
710 2558 735 2587 o
766 2551 873 2599 pont
891 2550 1096 2600 nequitur
1118 2548 1174 2590 de
1194 2548 1338 2601 Regio
1360 2549 1567 2596 Oratore,
1592 2548 1712 2601 quod
1731 2562 1817 2590 nos
1838 2548 1970 2589 dubi-

366 2603 479 2649 tare,
505 2600 615 2653 quin
633 2600 695 2641 sit
713 2612 798 2654 pro
817 2602 941 2655 Rege
962 2603 1133 2655 habita,
1155 2617 1244 2647 non
1264 2605 1389 2647 sinit.
1454 2604 1667 2647 Τῆοηιικ.
