2275 3025
454 150 551 203 198
980 148 1059 201 M.
1095 149 1158 200 A.
1193 142 1517 200 MURE'TI

450 249 661 302 millum
684 248 922 312 sctum,
946 249 1063 300 inte
1134 262 1225 300 um
1251 249 1450 300 saltem
1477 241 1552 298 'et
1588 241 1894 312 ἃλὸκληρον,
1929 245 2061 299 nul-

450 318 565 376 lum
596 317 975 383 plebiscitum3
1014 331 1044 366 e
1085 318 1181 366 icti
1223 317 1476 382 perpetui
1514 327 1722 380 paucae
1758 315 2062 379 quaedam,

448 391 515 433 ut
535 397 605 434 ex
623 383 935 450 naufragio,
948 383 1174 433 tabulae
1187 400 1200 445 3
1214 384 1366 448 ipsae
1378 381 1683 464 principum
1698 381 2060 431 constitutio-

452 464 555 500 nes
600 450 789 500 multis
846 449 990 499 locis
1044 449 1380 514 'decurtatae
1439 453 1497 496 et
1547 447 2059 510 ηκρωτηριασμέναι·

452 517 781 582 prudentum
817 521 1000 565 autem
1034 515 1241 580 scripta
1281 514 1364 562 ita
1394 513 1688 573 distracta,
1728 512 2059 572 dilacerata,

456 582 691 644 divulsa,
712 588 774 632 ut
790 581 847 630 in
867 581 949 630 eis
968 586 1129 630 vetus
1150 580 1251 629 illa
1262 579 1556 644 Hippolyti
1575 578 1767 628 fabula
1783 583 2060 628 renovata

452 649 729 715 videatur.
798 647 990 712 Itaque
1011 644 1180 697 hodie
1209 659 1318 696 non
1338 644 1503 694 aliter
1539 646 1627 695 ius
1649 645 1812 696 civile
1835 644 2057 694 discere

457 716 727 780 cogimur,
748 727 909 778 quam
931 713 998 772 si,
1020 711 1254 764 sublatis
1277 718 1333 762 et
1355 710 1919 769 exstinctis-omnibus
1937 711 2058 762 Ari-

458 780 679 830 stotelis
702 784 757 828 et
773 777 1242 828 Aristotelem-um
1258 779 1623 844 interpretum
1644 778 1888 841 scriptis,
1908 776 2057 842 frag-

454 852 644 895 menta
662 850 872 894 tantum
894 843 1162 910 quaedam
1182 846 1578 910 reperirentur,
1599 859 1629 894 e
1647 843 2058 897 variisAIexan·

458 911 569 973 dri,
608 909 929 973 Themistii‚
969 907 1270 977 Simplicii,
1311 908 1610 975 Philoponi
1631 915 1687 959 et
1707 910 1942 958 aliorum
1961 908 2058 958 de·

459 981 650 1044 cei-pta
670 978 1099 1038 commentariis,
1131 991 1202 1027 ex
1221 976 1418 1044 quibus
1439 983 1716 1042 utcunque
1739 977 1796 1026 in
1819 989 2057 1025 commu-

457 1059 559 1094 nes
578 1043 739 1094 locos
760 1044 995 1110 digestis
1012 1039 1405 1095 Aristoteleam
1421 1040 1829 1108 philosophiam
1839 1041 2056 1091 discere

457 1110 793 1161 inber-emur.
863 1111 1118 1161 Accessit
1136 1109 1288 1160 aliud
1309 1110 1483 1160 multo
1507 1108 1673 1158 etiam
1685 1107 2055 1174 perniciosius

460 1183 518 1228 et
536 1177 833 1228 exitiosius
853 1179 1073 1228 malum.
1145 1175 1302 1237 Nam,
1325 1191 1448 1226 cum
1467 1174 1848 1240 superioribus
1867 1184 2057 1233 saccu-

457 1243 533 1293 lis
571 1243 683 1294 Dei
715 1243 987 1307 permissu
1022 1243 1354 1293 densissima
1385 1241 1620 1308 quadam
1653 1241 1762 1291 cali
1803 1241 1896 1290 ine
1945 1239 2058 1288 ani-

459 1309 565 1358 mis
588 1305 869 1358 hominum
898 1307 1106 1369 offusa,
1137 1321 1328 1358 omnes
1357 1307 1755 1375 propemodum
1811 1319 1956 1355 onae
1975 1319 2063 1354 ar·

460 1381 549 1424 tes
562 1387 861 1438 oppressae
883 1388 949 1424 ac
968 1374 1222 1440 sepultae
1239 1375 1510 1425 iacerent:
1526 1375 1859 1424 exstiterunt
1872 1371 2058 1423 inillis

462 1438 711 1488 tenebris
732 1437 983 1488 homines
1004 1439 1244 1489 audaces
1264 1455 1329 1491 ac
1365 1441 1764 1505 praefidentes,
1795 1439 1889 1506 qui
1909 1436 2060 1488 nulla

462 1504 655 1567 Latini
690 1505 963 1557 sermonis
1000 1504 1376 1573 intelligentia
1393 1543 1410 1568 ,
1449 1505 1602 1557 nulla
1637 1507 1842 1557 veteris
1880 1505 2061 1585 reipu-

465 1573 646 1623 blicae
684 1572 965 1623 Romanae
985 1573 1335 1639 cognitione,
1375 1588 1498 1625 cum
1535 1574 1902 1633 dialecticam,
1943 1584 2062 1622 sine

468 1654 576 1707 qua
602 1637 743 1690 nihil
770 1645 925 1691 recte
944 1645 1111 1707 atque
1132 1640 1330 1691 ordine
1349 1641 1580 1691 tractari
1599 1646 1788 1705 potest
1802 1643 1936 1701 ,vaut
1951 1651 2062 1688 non

469 1706 807 1773 attigissent,
828 1712 923 1757 aut
941 1706 1023 1757 ita
1042 1707 1363 1773 attigissent
1377 1744 1391 1769 ,
1420 1714 1483 1757 ut
1501 1721 1612 1756 non
1633 1706 1888 1772 attigisse
1907 1716 2062 1771 prae·

470 1776 662 1834 staret,
694 1772 963 1838 politicen
996 1779 1212 1834 autem,
1245 1774 1393 1824 unde
1427 1774 1612 1823 omnia
1630 1774 1768 1823 iuris
1795 1770 2066 1838 principia

472 1840 761 1900 ducuntur,
784 1852 851 1888 ne
872 1854 971 1905 per
989 1840 1262 1890 somnium
1284 1841 1504 1905 quidem
1526 1838 1940 1905 adspexissent3
1981 1850 2063 1885 ar-

470 1912 647 1969 repta,
668 1910 732 1953 ut
746 1904 893 1954 inter
912 1919 1139 1967 caecos,
1168 1906 1306 1955 iuris
1333 1905 1733 1971 interpretandi
1761 1905 2064 1970 provincia,

470 1969 881 2021 verbosissimis
926 1976 985 2019 et
1040 1970 1426 2021 insulsissimis
1483 1972 1894 2022 commentariis
1939 1969 2066 2019 illas

472 2034 885 2101 qualescunque
921 2042 1170 2084 veterum
1246 2038 1537 2088 rudentum
1568 2038 1835 2103 reliquias
1875 2049 2066 2086 onera·-

470 2105 616 2162 runt,
642 2105 699 2149 et
716 2099 797 2149 ita
814 2100 1197 2168 imposuerunt
1255 2118 1454 2154 umano
1476 2106 1697 2172 generi,
1724 2110 1787 2155 ut
1805 2102 1915 2154 hoc
1935 2116 2066 2168 quo-

472 2182 579 2235 que
598 2164 711 2233 poli
719 2166 934 2219 tissimo
948 2176 1005 2217 et
1015 2168 1390 2221 eruditissimo
1413 2173 1640 2221 saeculo
1653 2170 1862 2222 iudicia
1884 2174 2067 2218 tamen

471 2235 754 2301 plerisque
796 2234 1049 2285 omnibus
1085 2237 1144 2287 in
1183 2236 1326 2290 locis
1355 2239 1424 2288 ad
1457 2252 1648 2294 eorum
1687 2236 1904 2287 somnia
1939 2234 2070 2285 diri-

472 2306 690 2419 {antur’
732 2306 791 2351 et
818 2315 887 2352 cx
926 2316 1117 2352 eorum
1134 2302 1366 2354 indocta
1394 2304 1649 2355 doctrina
1685 2306 2064 2366 exerceantur.

522 2384 574 2430 n,
614 2382 723 2434 quo
766 2368 1065 2435 magnifica
1081 2368 1184 2419 illa
1210 2366 1501 2421 Iustiniani
1539 2370 1815 2436 promissa
1855 2366 2067 2417 cecide-

473 2434 625 2484 runt!
647 2441 709 2484 ut
726 2448 866 2500 quos
886 2432 1005 2497 ille,
1027 2430 1097 2485 ad
1118 2436 1428 2501 exemplum
1449 2435 1740 2487 Diomedis
1760 2433 2064 2491 Homerici,

472 2514 664 2549 aurum
684 2514 785 2565 pro
805 2514 935 2551 aere
973 2506 1302 2567 accepturos
1325 2516 1450 2552 esse
1472 2502 1764 2563 dicebat&
1783 2502 1828 2551 ii
1845 2512 1946 2566 pro
1967 2497 2066 2547 illo

475 2564 688 2628 obryzo
730 2571 977 2617 veterum
1016 2580 1153 2616 auro
1175 2566 1440 2630 scoriam,
1469 2574 1527 2618 et
1547 2568 1597 2617 si
1618 2566 1750 2633 quid
1769 2567 1892 2633 ipsa
1909 2563 2066 2615 faece

527 2640 569 2695 ·)
600 2640 673 2683 cf.
694 2641 827 2683 nom.
844 2641 904 2685 11.
923 2643 1005 2685 vr
1024 2644 1120 2685 2³4.
1144 2655 1210 2697 sq.
1761 2648 1768 2653 ’
