2275 3025
426 111 493 163 98
958 110 1035 162 Μ.
1070 111 1131 162 Α.
1168 107 1478 162 MURETI

464 227 528 264 er
544 210 794 263 assiduas
816 213 1210 278 occupationes
1227 217 1286 263 et
1301 226 1402 278 per
1418 210 1868 263 molestissimum
1882 225 2011 263 ocu-

452 293 605 332 orum
626 279 902 342 dolorem,
942 295 1049 347 quo
1073 280 1192 330 dies
1215 279 1428 347 aliquot
1445 279 1719 340 laboravi,
1759 279 1923 330 citius
1944 279 2011 329 li-

428 349 559 400 cuit.
628 345 743 396 Eae
764 347 813 396 si
832 352 1267 414 conquerentur,
1307 359 1368 398 se
1389 362 1422 396 a
1447 361 1536 396 me
1573 345 1738 411 paulo
1761 347 2011 397 severius

426 418 681 480 acceptas
698 427 845 464 esse:
865 414 1150 466 reeordari
1169 413 1413 474 debebis,
1429 411 1534 464 hoc
1553 413 1732 478 ipsum
1752 427 1786 462 a
1801 419 1859 463 te
1877 412 2015 464 mihi

424 481 737 531 mandatum
760 493 907 544 esse3
947 487 1031 542 ut,
1055 481 1105 531 si
1124 481 1347 531 mollius
1369 495 1434 530 ac
1455 481 1632 530 lenius
1657 494 1751 530 eas
1769 486 2012 531 tractare

425 548 753 609 voluissem,
791 547 1088 598 verendum
1116 545 1250 599 mihi
1276 547 1476 610 fuerit,
1514 561 1584 598 ne
1613 546 1855 598 tibi¹non
1875 549 2012 598 satis

428 615 739 681 obsequens
756 614 993 664 viderer.
1066 613 1178 665 Sed
1209 614 1277 664 de
1307 609 1391 664 his
1429 614 1581 665 satis.
1652 612 1810 665 Nunc
1845 627 2012 680 expo·

428 696 555 732 nam
580 680 684 732 tibi
708 687 889 732 totum
923 678 1064 731 illud
1092 695 1161 731 ne
1205 681 1376 731 otium
1402 680 1753 742 Polonicum,
1793 680 2011 748 qua'ndo

428 748 668 810 litterae,
688 762 825 814 quas
844 747 915 798 ad
932 752 1008 810 te,
1026 761 1089 798 re
1110 748 1180 797 ad
1221 763 1287 798 uc
1305 749 1534 810 recenti,
1555 749 1900 814 scripseram,
1921 763 2008 814 pe-

428 816 655 865 rierunt.
729 813 1057 880 Stephanus,
1079 814 1349 866 Poloniae
1368 829 1491 877 rex,
1507 817 1602 882 qui
1623 823 1680 866 et
1697 815 1820 866 aliis
1840 816 2014 882 regiis

428 880 722 934 virtutibus
762 881 1144 932 ornatissimus
1181 889 1290 943 est,
1329 887 1390 933 et
1442 881 1548 932 hoo
1585 897 1750 948 supra
1793 888 2012 932 ceteros
2084 897 2092 906 ·

431 963 621 998 omnes
648 963 840 1065 reges,
880 949 975 1016 qui
1008 949 1195 1000 multis
1226 947 1425 1000 abhinc
1461 948 1698 1000 saeculis
1736 948 2010 1008 vixerunt,

430 1017 689 1066 eximium
748 1015 892 1078 abet,
904 1016 1053 1082 quod
1074 1022 1129 1066 et
1147 1017 1461 1067 amatunice
1475 1015 1721 1066 homines
1743 1013 2010 1075 eruditos,

430 1084 624 1148 etipse
647 1083 795 1134 omni
816 1083 1089 1150 elegantis
1108 1083 1396 1134 doctrinae
1423 1097 1628 1150 genere
1657 1079 1888 1132 mirifice
1919 1094 2011 1131 ex·

430 1149 609 1200 cultus
630 1156 733 1212 est,
744 1152 973 1200 miserat
988 1151 1047 1201 in
1068 1150 1284 1201 Italiam
1298 1167 1464 1202 unum
1485 1165 1514 1201 e
1535 1147 1854 1201 domesticis
1874 1147 2013 1210 suis,

466 1218 525 1266 ui
552 1218 712 1282 quasi
738 1217 1014 1268 delectum
1050 1218 1320 1284 quendam
1355 1216 1584 1268 haberet
1617 1216 2016 1282 praestantium

430 1232 684 1334 doctrina
700 1283 969 1344 virorum,
1006 1297 1216 1349 eosque
1237 1284 1434 1364 opimis
1455 1283 1744 1334 admodum
1762 1281 2012 1348 proposi-

430 1350 505 1400 tis
546 1349 957 1400 conditionibus
993 1351 1050 1400 in
1085 1349 1378 1400 Polomam
1411 1351 1672 1401 invitaret
1697 1349 1766 1399 ad
1806 1348 2011 1399 Acade-

429 1416 597 1466 miam
614 1429 829 1477 novam,
848 1431 1009 1482 quam
1029 1416 1437 1467 rexCraooviae
1456 1418 1746 1468 instituere
1765 1415 2010 1481 parabat.

429 1483 490 1534 In
505 1481 779 1533 mandatis
798 1489 980 1533 autem
998 1483 1197 1551 regiis,
1233 1485 1379 1550 quod
1399 1484 1468 1535 ad
1487 1485 1630 1535 alios
1652 1484 1873 1551 quidem
1889 1481 2012 1534 atti-

430 1556 547 1612 net,
568 1548 858 1601 factaerat
871 1556 1121 1617 potestas
1140 1551 1223 1613 ei,
1245 1552 1339 1617 qui
1358 1550 1462 1603 huc
1481 1557 1724 1613 venerat,
1747 1552 2012 1617 optimum

430 1632 699 1685 quemque
723 1624 781 1669 et
795 1619 853 1669 in
882 1617 1133 1668 docendo
1161 1618 1677 1671 exercitatissimum
1704 1617 2011 1685 deligendi:

430 1687 499 1736 de
517 1686 694 1735 tribus
714 1686 1036 1736 nominatim
1058 1686 1422 1753 perscriptum
1443 1692 1578 1749 erat,
1600 1685 1666 1735 de
1689 1700 1802 1748 me,
1823 1685 1892 1736 de
1913 1685 2014 1735 Ca-

428 1753 551 1803 rolo
575 1752 807 1819 Sigonio
854 1758 913 1804 et
949 1754 1017 1804 de
1038 1752 1234 1805 Fulvio
1257 1754 1474 1805 Ursino.
1542 1755 1619 1803 Ae
1643 1751 1779 1804 mihi
1799 1766 2012 1803 meroes

428 1821 716 1885 proposita
724 1820 875 1871 mille
884 1821 1168 1887 quingenti
1182 1822 1474 1887 quotannis
1487 1820 1642 1871 aurei
1655 1822 1876 1871 nummi.
1908 1820 2020 1870 Ad..

430 1885 597 1937 debat
624 1900 749 1947 rex,
786 1886 836 1935 si
865 1888 1039 1937 sacris
1076 1888 1286 1938 initiari
1316 1888 1542 1951 vellem,
1582 1887 1846 1949 (nondum
1867 1886 2014 1937 enim

431 1951 665 2013 sciebat,
702 1966 790 2002 me
810 1953 1157 2004 sacerdotem
1177 1959 1360 2017 esse,)
1381 1949 1754 2021 perfecturum
1774 1968 1862 2015 se,
1901 1967 2010 2025 quo

429 2016 564 2069 mihi
582 2020 758 2083 magis
778 2018 981 2071 liberet
994 2034 1218 2071 manere
1236 2022 1293 2071 in
1315 2020 1578 2083 Polonia‚
1599 2028 1660 2071 ut
1679 2022 1826 2071 intra
1841 2020 2012 2071 breve

428 2094 644 2153 tempus
663 2083 899 2137 honesto
920 2085 1106 2153 aliquo
1130 2086 1466 2149 sacerdotio,
1489 2102 1558 2139 ex
1575 2103 1684 2154 quo
1703 2104 1814 2139 non
1833 2088 2011 2138 minus

432 2153 759 2221 quingentos
778 2167 990 2203 annuos
1012 2166 1212 2203 aureos
1233 2168 1482 2205 nummos
1493 2142 2012 2221 cdperemffiohone-

430 2228 625 2272 starer.
694 2220 777 2269 Ea
796 2219 865 2270 de
884 2234 943 2271 re
962 2237 1103 2271 unus
1124 2236 1156 2271 e
1181 2222 1512 2287 primoribus
1529 2222 1682 2273 illius
1704 2221 1890 2290 regni,
1925 2220 2012 2271 Io·

429 2303 599 2339 annes
619 2287 962 2349 Zamoscius‚
1004 2288 1098 2354 qui
1124 2300 1267 2339 nuno
1298 2302 1527 2355 magnus
1552 2290 1711 2358 regni
1729 2288 2010 2339 Cancella-

431 2357 543 2405 rius
564 2360 673 2416 est,
711 2354 979 2418 litteras*)
1002 2355 1072 2405 ad
1090 2370 1178 2406 me
1197 2364 1543 2421 peramanter
1561 2372 1766 2424 perque
1789 2354 2010 2405 honori-

431 2422 534 2473 fice
563 2422 797 2487 scriptas
824 2422 994 2473 dedit.
1066 2422 1384 2475 Commotus
1415 2439 1533 2474 sum
1558 2440 1669 2475 non
1695 2430 1807 2473 tam
1837 2412 2010 2487 ipsius

429 2488 660 2555 praemii
694 2490 1069 2554 magnitudine
1082 2526 1097 2551 ‚
1145 2489 1253 2540 etsi
1289 2488 1374 2541 his
1417 2491 1634 2557 quidem
1670 2486 2012 2553 temporibus

430 2556 723 2617 inusitata,
742 2569 903 2620 quam
922 2557 1062 2606 tanti
1082 2558 1233 2623 regis
1251 2561 1362 2607 tam
1381 2566 1654 2624 propensa
1677 2570 1742 2605 ac
1762 2554 2013 2606 benefica

488 2630 527 2685 ·)
561 2630 633 2673 cf.
653 2628 692 2671 1.
712 2642 787 2683 ep.
808 2632 873 2671 w.
