2275 3025
410 124 505 175 146
935 124 1016 175 M.
1050 126 1110 176 A.
1147 124 1465 176 MURETI

407 240 536 291 gum
554 229 729 284 tuum,
756 228 814 275 et
829 225 1168 290 voluptatem
1192 225 1359 291 longe
1376 226 1666 276 maximam
1686 240 1757 277 ex
1776 226 1899 279 eius
1918 229 1997 280 le-

407 291 592 341 ctione
612 292 854 356 percepi.
925 290 1286 341 Delectat-unt
1314 307 1401 341 me
1422 300 1744 358 argumenta
1764 298 1821 343 et
1838 296 1995 361 inge·

407 357 565 406 niose
596 358 918 423 excogitata
955 363 1011 407 et
1037 358 1210 408 densa
1247 364 1305 407 et
1324 358 1473 417 vivo,
1514 364 1575 407 nt
1591 358 1670 409 ita
1688 358 1895 421 dicam,
1930 376 1999 410 ac

405 422 636 488 spiranti
669 424 941 473 orationis
975 437 1181 488 genere
1220 437 1501 489 expressa.
1570 424 1761 491 ltaque
1800 432 1862 475 ut
1887 426 1997 493 Py-

405 489 694 555 thagoram
713 491 866 539 aiunt
884 502 916 538 e
935 489 1161 539 modulo
1183 490 1357 554 pedis,
1386 496 1589 555 quanta
1608 493 1858 555 corporis
1876 508 1997 542 mo-

373 596 376 603 .
405 556 457 607 le
475 556 678 606 fuisset
695 555 989 614 Hercules,
1006 554 1284 605 iudicasse
1296 572 1311 603 ε
1350 557 1431 604 sic
1450 561 1508 605 et
1526 570 1637 621 ego
1654 569 1726 606 ex
1746 556 1853 607 hoc
1869 558 1995 608 bre-

406 625 460 673 vi
490 620 942 673 commentariolo
967 619 1136 670 facile
1166 620 1237 670 de
1262 622 1345 671 tui
1370 622 1580 685 ingenii
1614 624 1995 688 magnitudine

405 706 472 741 ac
491 688 832 754 praestantia
847 686 1105 737 iudicavi.
1174 688 1341 737 Amor
1360 694 1545 737 autem
1572 696 1708 754 erga
1730 702 1819 738 me
1842 696 1994 751 tuus,

407 770 568 821 quem
588 753 748 820 plane
767 752 1102 817 singularem
1123 751 1271 803 omni
1292 766 1361 803 ex
1381 760 1535 817 parte
1561 753 1837 815 declaras,
1875 756 1992 806 noli

407 833 698 887 quaerere,
739 825 1078 883 quantopere
1106 817 1241 869 mihi
1268 825 1457 883 gratus
1485 834 1551 869 ac
1576 808 1847 871 iucundus
1872 820 1995 871 fue-

405 888 493 937 rit.
563 884 754 952 Neque
783 885 926 935 enim
963 884 1136 935 ullum
1173 900 1411 949 unquam
1436 883 1571 933 mihi
1584 880 1861 937 *maiorem
1878 886 1991 937 fru-

405 960 550 1005 ctum
571 952 883 1019 vigiliarum
903 966 968 1001 ac
987 951 1241 1003 laborum
1257 965 1504 1001 meorum
1522 956 1803 1018 proposui,
1827 966 1990 1019 quam

403 1028 465 1070 ut
492 1020 625 1069 atui
653 1017 926 1069 similibus
950 1032 1183 1067 amarer.
1254 1016 1437 1077 Quare
1468 1018 1575 1067 etsi
1604 1020 1714 1067 iton
1742 1034 1991 1087 agnosco

406 1102 500 1137 eas
519 1084 714 1136 laudes
727 1122 742 1145 ,
783 1097 918 1149 quas
939 1090 1000 1133 tu
1017 1080 1155 1145 αῧτῷ
1174 1084 1243 1145 τῷ
1269 1079 1507 1145 θυλάκῳ,
1535 1088 1597 1133 ut
1616 1084 1794 1145 aiunt,
1825 1086 1881 1134 in
1899 1100 1989 1135 me

405 1152 690 1218 congel-ise
728 1164 938 1201 summe
955 1156 1140 1199 tamen
1160 1146 1284 1199 anio
1304 1152 1469 1201 istum
1490 1162 1755 1212 amorem,
1774 1152 1869 1217 qui
1884 1152 1991 1201 tibi

350 1218 357 1224 '
406 1218 609 1269 homini
649 1224 760 1267 tam
785 1222 950 1265 acuto
990 1229 1055 1266 ac
1080 1217 1387 1281 perspicaci
1414 1216 1675 1265 tenebras
1704 1216 1988 1278 offuderit,

405 1298 578 1347 eaque
601 1284 668 1332 de
689 1296 776 1331 me
795 1282 1004 1331 sentire
1025 1296 1089 1330 ac
1107 1281 1434 1346 praedicare
1452 1284 1704 1349 coegerit
1716 1315 1732 1343 ,
1755 1298 1897 1355 quae
1916 1298 1987 1333 ne

401 1358 462 1399 tu
482 1348 720 1413 quidem,
735 1360 1058 1412 quamquam
1077 1346 1317 1396 disertus
1338 1361 1415 1408 es,
1430 1348 1527 1399 alii
1547 1350 1802 1413 cuiqnam
1818 1348 1987 1399 facile

403 1414 734 1481 persuadere
775 1426 988 1475 posses.
1059 1410 1359 1477 Dialogum
1398 1414 1530 1464 edas
1570 1428 1795 1465 censeo:
1852 1416 1985 1466 nolo

405 1480 548 1532 enim
565 1480 646 1529 ita
663 1478 946 1529 modestus
967 1478 1169 1539 videri,
1200 1486 1261 1530 ut
1278 1478 1493 1546 gloriae
1512 1487 1643 1532 tuae
1662 1496 1785 1532 mea
1798 1482 1987 1533 mode-

401 1549 511 1598 stia
529 1548 730 1598 obstet.
796 1547 1004 1604 Auctor
1021 1545 1165 1596 enim
1187 1545 1289 1596 tibi
1309 1560 1429 1598 sum
1442 1584 1457 1608 ‚
1500 1551 1563 1597 ut
1582 1549 1695 1598 alta
1718 1549 1987 1600 meditere

401 1631 464 1666 ac
485 1613 754 1681 procudas
767 1649 784 1674 ,
823 1627 998 1678 neque
1019 1611 1349 1667 reformides
1370 1614 1803 1664 obtrectatorum
1820 1627 1985 1664 vocu-

400 1682 510 1732 las:
537 1692 678 1748 quae
699 1681 756 1730 in
777 1677 1122 1745 proscenium
1146 1681 1439 1745 prodeunti
1458 1679 1709 1732 nonnihil
1720 1679 1985 1732 fortassis

399 1748 668 1798 molestae
687 1746 907 1798 futurae
927 1751 1083 1808 sunt3
1098 1745 1192 1796 ubi
1210 1747 1311 1798 tibi
1328 1747 1508 1798 semel
1518 1747 1987 1813 ipseaudientiam

398 1814 630 1874 feceris,
669 1813 1068 1864 conticescent.
1135 1811 1295 1864 Vale.
1315 1813 1541 1864 Romae.
1560 1812 1697 1865 ldib.
1719 1812 1985 1866 Decemb.

402 1881 801 1939 MDLXXV111.’‘.)

548 2171 832 2224 xcvln.
867 2171 944 2222 M.
981 2171 1399 2250 ANTONIUS
1434 2173 1823 2226 MURETUS

467 2255 708 2291 [sceno
748 2252 1046 2290 ron‘rsxo
1083 2251 1119 2288 ε
1158 2251 1533 2306 sectr-:rare
1572 2253 1731 2291 insu
1766 2255 1815 2292 s,
1852 2255 1913 2292 n.

467 2305 655 2402 Quod
677 2338 747 2390 ad
766 2346 823 2390 te
847 2337 1125 2390 scribendi
1144 2338 1473 2404 principium
1492 2340 1725 2404 capiam,
1760 2339 1951 2390 nescio
1965 2359 1981 2388 ε

396 2405 476 2454 ita
496 2419 581 2454 me
603 2405 773 2469 pudet
791 2413 900 2454 tam
922 2404 1016 2452 din
1032 2406 1088 2452 in
1109 2417 1239 2452 aere
1260 2409 1357 2452 tuo
1385 2403 1584 2466 fuisse,
1627 2411 1683 2455 et
1709 2403 1983 2469 humanis-

396 2470 532 2520 sime
570 2471 788 2534 scriptis
825 2485 859 2519 a
877 2477 939 2519 te
977 2467 1180 2519 litteris
1220 2467 1357 2517 nihil
1392 2467 1569 2519 adhuc
1604 2470 1979 2534 respondisse.

398 2534 508 2587 Sed
528 2550 726 2600 magna
743 2534 874 2584 mihi
896 2548 1023 2600 spes
1043 2533 1203 2584 estin
1228 2532 1497 2584 facilitate
1506 2543 1563 2584 et
1582 2536 1843 2584 comitate
1862 2540 1980 2597 tua,

451 2615 492 2665 ³)
527 2613 716 2663 Legitur
729 2612 888 2656 cadem
907 2609 1108 2665 epistola
1123 2608 1206 2653 lib.
1224 2609 1311 2654 111.
1332 2615 1403 2654 44.
1420 2613 1575 2665 paucis
1592 2612 1795 2654 mutatis.
