2275 3025
443 197 540 249 ³38
1019 194 1095 245 M.
1133 195 1196 245 A.
1232 192 1545 244 MURETI

513 294 742 346 raesidii
762 292 912 355 fore,
945 299 1151 360 quanta
1168 294 1405 345 maxima
1424 293 1709 343 celeritate
1728 292 1936 357 potuit,
1953 293 2068 343 col·

501 363 617 427 egit
637 363 882 411 sarcinas
904 376 1033 411 suas
1063 367 1120 410 et
1150 362 1258 410 iter
1293 361 1351 409 in
1372 358 1627 426 Belgium
1648 359 1812 421 cepit.
1885 357 2069 408 Conti-

475 430 580 481 tati
622 442 746 477 eum
774 435 902 477 sunt
926 426 1165 478 Abbates
1194 428 1330 487 duo,
1370 440 1548 491 neque
1579 425 1647 475 de
1677 426 1747 473 iis
1813 426 2066 489 nicquam

482 494 1013 563 posteaaudivimus.
1087 493 1365 552 Ceteri,ut
1382 493 1527 541 scire
1549 499 1603 541 te
1623 497 1775 555 put0,
1841 492 2067 539 utetiam

481 563 653 623 ibant,
677 561 774 611 sed
798 576 918 609 cum
942 560 998 608 in
1019 558 1220 608 itinere
1241 558 1409 607 alium
1432 559 1680 607 nuntium
1700 556 2067 621 accepissent,

481 626 587 679 huc
619 641 807 676 omnes
849 625 1018 675 multa
1055 626 1163 674 iam
1192 629 1355 673 nocte
1382 623 1681 673 redierunt.
1752 622 1871 687 Ego
1896 621 2069 672 biduo

481 700 608 745 ante
631 691 982 741 Bellovacum
1005 689 1288 756 profectus
1312 703 1485 751 eram,
1522 705 1631 754 quo
1652 703 1738 737 me
1760 685 2070 739 Cardinalis

478 758 724 810 miserat.
797 756 881 805 lta
907 763 1089 806 autem
1120 754 1240 805 fors
1266 755 1422 815 tulit,
1452 761 1511 805 ut
1536 754 1734 805 eodem
1752 755 1915 819 plane
1935 760 2071 804 tem-

479 826 633 893 poris
692 829 857 871 uncto
871 860 886 885 ,
908 837 1017 888 quo
1037 822 1121 873 illi
1141 821 1419 882 redibant,
1443 835 1550 886 ego
1572 834 1791 887 quoque
1812 820 2069 875 redirem.

483 890 608 951 Quo
671 895 852 939 actum
892 894 1002 948 est,
1041 896 1104 939 ut
1140 889 1291 953 prius
1328 887 1541 937 redisse
1579 887 1865 947 sciverim,
1908 900 2073 952 quam

483 956 689 1007 abiisse
710 956 926 1005 scirem.
969 954 1239 1005 Hilaratis
1258 954 1429 1021 igitur
1450 954 1690 1003 omnium
1710 952 1909 1003 animis
1934 952 2071 1002 mul-

481 1030 596 1074 tum
623 1022 770 1072 inter
791 1036 1019 1071 coenam
1041 1022 1289 1083 risimus;
1325 1020 1497 1070 multa
1515 1019 1569 1083 in
1593 1034 1716 1079 eos,
1745 1012 1843 1084 qui
1860 1032 2071 1068 reman-

483 1094 696 1149 serant,
717 1088 877 1155 plura
895 1088 951 1137 in
972 1104 1089 1150 eos,
1112 1088 1202 1154 qui
1226 1086 1504 1153 fugerant,
1525 1086 1697 1135 iocati
1716 1100 1923 1149 sumus3
1958 1099 2071 1135 me-

484 1170 606 1207 cum
628 1170 816 1206 omnes
840 1156 1123 1221 praeclare
1145 1160 1326 1205 actum
1348 1168 1472 1203 esse
1494 1152 1774 1212 dicebant,
1798 1150 1889 1217 qui
1910 1152 2071 1216 quasi

520 1222 858 1285 rospicerem
897 1236 960 1269 ac
1001 1220 1302 1270 divinarem
1339 1219 1471 1285 quid
1512 1218 1755 1269 futurum
1794 1222 1969 1279 esset,
2016 1225 2073 1267 et

481 1236 752 1353 Pugissem
771 1287 841 1335 ab
866 1287 1168 1336 acerbitate
1190 1286 1392 1351 prioris
1414 1286 1613 1344 nuntii,
1632 1290 1688 1333 et
1708 1282 1776 1332 ad
1796 1283 2071 1349 posterio-

482 1353 560 1401 ris
599 1351 866 1401 laetitiam
893 1352 1275 1401 accurrissem.
1347 1350 1504 1400 Nunc
1531 1348 1621 1407 hic
1650 1364 1755 1415 ego
1786 1356 1844 1399 et
1870 1348 2073 1399 Petrus

485 1416 845 1468 Normesinus
885 1420 1211 1467 suavissime
1253 1418 1511 1477 vivimus,
1550 1422 1775 1475 venatu,
1816 1416 2078 1481 aucupio,

483 1485 699 1551 piscatu
738 1488 795 1533 et
814 1483 960 1551 quod
982 1490 1145 1550 caput
1168 1489 1275 1545 est,
1309 1481 1467 1534 bonis
1488 1481 1860 1533 sermonibus:
1897 1496 2081 1553 neque

484 1551 643 1601 vobis
663 1550 997 1611 invidemus,
1030 1565 1170 1616 quos
1189 1551 1319 1601 istic
1345 1549 1572 1600 ambitio
1594 1549 1778 1599 aureis
1800 1553 2081 1619 compedi-

483 1619 587 1670 bus
611 1616 873 1684 alligatos
892 1623 1062 1667 tenet.
1132 1617 1310 1666 Unum
1330 1631 1416 1666 me
1437 1617 1577 1667 male
1599 1615 2081 1684 habet,'l'neologi

483 1684 762 1736 absentia:
802 1697 962 1750 quem
985 1683 1269 1742 desidero,
1289 1689 1347 1733 et
1366 1689 1426 1733 ut
1445 1683 1775 1751 discipulum
1794 1685 2080 1750 magister,

485 1757 542 1802 et
564 1757 624 1800 ut
641 1750 963 1816 magistrum
985 1751 1307 1816 discipulus.
1381 1750 1595 1816 Operas
1612 1753 1753 1802 enim
1769 1757 2081 1816 permutare

483 1818 632 1867 inter
665 1831 766 1866 nos
795 1831 896 1866 coe
937 1831 1181 1878 eramus,
1213 1827 1275 1868 ut
1292 1831 1399 1883 ego
1422 1831 1546 1867 eum
1570 1818 1814 1868 Graecas
1840 1817 2079 1878 litteras,

482 1885 603 1949 ipse
631 1897 717 1930 me
737 1881 894 1931 Theo
923 1885 1105 1949 ogiam
1133 1883 1379 1938 doceret.
1448 1883 1626 1935 Valde
1656 1898 1909 1950 magnam
1927 1880 2081 1934 volu-

483 1952 690 2014 ptatem
717 1945 847 1994 mihi
877 1949 1182 1998 attulerunt
1206 1949 1427 1999 litterae
1454 1955 1611 2012 tuae,
1660 1950 1811 2016 quod
1848 1955 1905 2000 et
1930 1948 2082 1999 laeta

484 2012 832 2072 nuntiabant,
876 2018 931 2060 et
959 2015 1147 2074 omnia
1174 2016 1591 2066 accuratissime
1622 2031 1687 2066 ac
1714 2015 2079 2067 minutissime

479 2093 642 2147 perse
684 2077 980 2128 uebantur:
1043 2078 1353 2141 conserva,
1392 2096 1598 2146 quaeso
1625 2087 1707 2142 te,
1745 2084 1909 2132 istam
1948 2095 2078 2132 cou-

482 2095 860 2206 suetuainenu
901 2142 1000 2193 sed
1021 2145 1136 2194 noli
1158 2151 1510 2210 exspectare,
1543 2153 1605 2197 ut
1624 2154 1806 2198 tecum
1827 2149 1983 2216 paria
1998 2145 2080 2197 fa-

485 2212 642 2263 ciam.
713 2211 844 2261 Tibi
891 2211 1034 2260 enim
1083 2223 1223 2277 quac
1268 2212 1505 2274 scribas,
1559 2214 1793 2279 plurima
1828 2212 2079 2280 quotidie

485 2285 803 2345 suppetunt3
841 2274 974 2326 mihi
995 2276 1143 2342 quod
1164 2277 1399 2327 scribam
1420 2275 1539 2328 fere
1561 2278 1699 2330 nibil
1721 2285 1824 2340 est,
1844 2280 1953 2330 nisi
1974 2277 2079 2330 hoc

479 2347 684 2412 ipsum,
704 2342 844 2394 nihil
865 2357 988 2393 esse
1011 2343 1159 2409 quod
1179 2343 1432 2394 scribam.
1502 2345 1623 2412 Ego
1647 2353 1705 2396 et
1724 2345 1922 2396 Petrus
1940 2343 2079 2396 Nor-

483 2411 725 2460 mesinus
755 2415 810 2459 te
841 2410 1204 2459 communiter
1230 2410 1558 2471 salutamus,
1597 2418 1762 2477 atque
1794 2416 1827 2460 a
1848 2419 1903 2461 tc
1942 2411 2079 2476 peti-

483 2490 627 2537 mus,
665 2481 728 2525 ut
757 2481 948 2525 nostro
978 2475 1260 2525 amborum
1290 2479 1510 2526 nomine
1532 2476 1908 2528 Contarellum
1934 2477 2079 2527 salu-

483 2548 587 2592 tes.
657 2539 816 2591 Vale.
837 2539 883 2589 E
903 2539 1251 2592 Karoliloco.
1272 2542 1331 2592 A.
1355 2543 1406 2593 d.
1429 2557 1534 2594 vu.
1555 2541 1679 2593 Kal.
1708 2541 1821 2592 lan.
1844 2555 2075 2592 annm.
