2275 3025
357 158 622 212 EPIST.
658 158 816 210 LIB.
851 157 958 209 111.
995 159 1117 211 ΕΡ.
1154 158 1342 212 va.
1380 159 1602 211 LXVI.
1691 159 1790 209 28⁷

132 309 145 320 ,
186 267 329 312 tum:
351 261 546 326 quibus
567 261 649 310 ita
665 259 924 319 tibi,dum
949 262 1003 308 in
1022 259 1160 309 urbe
1185 267 1435 310 versatus
1458 275 1534 312 es,
1551 259 1790 308 omnium

187 327 501 377 voluntates
526 325 840 376 conciliasti
864 340 929 374 ac
952 325 1270 387 devinxisti,
1281 333 1342 376 ut
1362 325 1529 375 hodie
1553 339 1790 390 quoque,

188 393 417 443 absente
440 400 514 453 te,
537 407 658 441 eum
681 391 983 441 solutiores
1008 392 1232 457 linguae
1266 399 1322 442 et
1361 391 1630 441 liberiora
1651 390 1790 439 iudi-

187 459 276 508 eia
297 473 420 508 esse
450 457 653 517 solent,
676 471 835 506 nemo
877 465 1058 507 tamen
1100 458 1266 508 aliter
1298 459 1365 507 de
1399 465 1474 519 te,
1519 471 1679 522 quam
1723 455 1791 505 de

184 524 439 590 perfecto
463 523 700 588 quodam
722 529 779 571 et
799 523 1051 573 omnibus
1076 527 1319 575 numeris
1343 524 1602 574 absoluto
1627 521 1790 571 virtu-

186 592 263 640 tis
285 590 539 653 exemplo
563 589 839 653 loquatur.
908 589 991 640 Ex
1014 605 1121 656 quo
1145 589 1312 650 facile
1333 595 1494 656 potes
1519 588 1791 652 intellige·

188 671 271 719 re,
316 662 657 721 quantopere
684 652 816 704 mihi
842 654 909 705 de
928 655 1031 705 tali
1054 662 1288 720 patrono
1315 655 1666 723 gloriandum
1689 656 1790 714 sit,

190 727 504 787 quantaque
530 721 583 769 in
607 725 763 784 parte
785 719 1073 771 felicitatis
1095 737 1304 788 ponere
1343 723 1600 779 debeam,
1644 720 1793 786 quod

190 803 305 837 non
322 793 534 836 tantum
552 787 609 835 in
632 786 925 838 clientibus
946 793 1043 837 tua
1061 789 1348 839 voluntate
1370 802 1651 847 numerer‚
1691 783 1791 835 sed

192 854 379 913 etiam,
404 851 555 901 nullo
578 853 775 902 merito
796 868 938 914 meo,
968 854 1112 918 apud
1132 858 1190 904 te
1211 856 1398 920 aliquo
1421 855 1476 903 in
1498 855 1678 918 pretio
1699 850 1792 901 ha-

189 919 344 969 bear.
416 918 705 983 Equidem,
748 927 1009 983 quantum
1046 921 1104 969 in
1145 934 1231 970 me
1277 921 1402 980 erit,
1433 920 1582 968 omni
1603 918 1790 968 studio

190 987 446 1036 connitar
485 986 722 1045 efficere,
764 991 824 1034 ut
855 999 1178 1035 conservem
1198 991 1347 1036 tuam
1367 987 1529 1036 istam
1553 999 1682 1050 erga
1704 997 1791 1033 me

190 1052 358 1102 animi
395 1051 847 1118 propensionem:
897 1065 1077 1116 neque
1111 1052 1406 1118 quidquam
1441 1049 1618 1099 habeo
1655 1050 1793 1100 anti·

190 1118 371 1183 quius,
412 1132 572 1182 quam
594 1123 653 1166 ut
673 1123 948 1181 praestem
971 1131 1039 1166 ea
1076 1118 1284 1178 omnia,
1317 1131 1456 1182 quae
1496 1116 1597 1165 tibi
1618 1130 1686 1166 ex
1706 1129 1792 1164 me

187 1198 303 1234 non
319 1183 620 1233 iniucunda
659 1181 914 1232 accidere
951 1195 1118 1248 posse
1160 1181 1523 1233 arbitrabor.·
1562 1184 1638 1231 Ae
1659 1195 1793 1248 quo-

186 1251 336 1300 niam
356 1248 425 1298 ab
448 1246 669 1297 homine
690 1248 746 1306 in
768 1247 926 1297 libris
948 1263 1013 1298 ae
1031 1247 1299 1298 litterulis
1317 1249 1506 1298 abdito
1529 1249 1622 1298 vix
1642 1247 1812 1297 aliud.

188 1317 506 1382 exspectari
546 1315 842 1380 quidquam
883 1321 1098 1380 potest,
1153 1316 1366 1365 mittam
1397 1315 1470 1364 ad
1512 1322 1566 1364 te
1607 1312 1795 1364 foetus

188 1382 460 1449 quosdam
479 1381 690 1447 ingenii
714 1381 843 1430 mei:
876 1396 986 1431 non
1006 1381 1137 1432 illos
1166 1381 1386 1447 quidem
1407 1381 1570 1431 valde
1593 1381 1793 1446 dignos

189 1449 287 1515 qui
302 1463 337 1497 a
359 1453 417 1498 te
438 1448 820 1516 inspiciantur,
848 1447 948 1498 sed
967 1455 1152 1498 tamen
1175 1463 1286 1498 non
1308 1461 1702 1515 usquequaque
1727 1447 1797 1495 ti-

184 1516 265 1577 bi,
287 1521 351 1565 ut
368 1529 495 1581 spes
526 1522 629 1581 est,
651 1517 907 1581 ingratos
927 1512 1176 1578 futuros,
1208 1516 1356 1582 quod
1381 1515 1448 1564 ab
1470 1514 1692 1565 homine
1713 1514 1797 1563 tui

192 1581 685 1633 observantissime
762 1582 1168 1631 roficiseentur.
1253 1582 1473 1631 Mittam
1513 1581 1713 1645 igitur,
1746 1580 1796 1627 si

188 1648 349 1698 Deus
368 1647 537 1706 volet,
562 1654 689 1695 ante
758 1660 879 1695 nem
914 1648 1122 1695 mensis
1156 1645 1398 1695 Ianuarii
1437 1645 1612 1694 libros
1655 1643 1795 1692 duos

191 1711 621 1764 Rhetoricorum
658 1709 973 1759 Aristotelis
994 1725 1029 1759 a
1047 1724 1134 1759 me
1159 1723 1460 1759 conversos
1480 1709 1537 1757 in
1565 1708 1796 1773 gratiam

192 1780 413 1845 piorum
435 1774 777 1841 quorundam
798 1780 855 1823 et
877 1774 1220 1824 eruditorum
1241 1772 1519 1824 hominum
1542 1789 1572 1823 e
1594 1772 1797 1823 sodali—

194 1851 313 1895 tate
333 1843 478 1902 lesu,
501 1842 551 1903 *)
586 1840 679 1905 qui
702 1852 802 1904 pro
827 1840 1182 1901 auctoritate,
1212 1855 1320 1906 qua
1339 1840 1631 1907 plurimum
1652 1838 1796 1905 apud

196 1924 287 1962 me
306 1909 510 1968 valent,
535 1912 769 1972 egerunt
788 1920 1020 1967 mecum,
1050 1912 1111 1955 ut
1130 1906 1187 1955 id
1217 1905 1412 1958 m‘unus
1439 1907 1797 1973 susciperem,

200 1975 351 2043 quod
370 1972 931 2037 interpretationemf
950 1987 1057 2038 qua
1092 1972 1151 2023 in
1181 1971 1391 2023 scholis
1422 1974 1538 2024 suis
1581 1980 1798 2023 uteren-

201 2051 309 2101 tur,
330 2042 577 2105 reperire
599 2053 660 2090 se
681 2038 849 2088 ullam
870 2045 1156 2105 negarent.
1205 2040 1331 2089 Hoc
1349 2041 1522 2105 igitur
1545 2038 1796 2105 primum.

202 2108 316 2161 Sub
340 2106 503 2156 finem
524 2111 707 2156 autem
727 2107 930 2156 mensis
966 2105 1189 2170 Aprilis,
1231 2121 1393 2171 spero
1415 2105 1558 2166 fore,
1599 2111 1660 2155 ut
1678 2105 1799 2154 mit-

201 2184 313 2226 tam
356 2186 525 2238 opera
564 2172 764 2232 omnia,
826 2186 965 2238 quae
1041 2171 1224 2221 uidem
1267 2179 1474 2232 extant,
1532 2172 1800 2231 Senecae,

203 2240 497 2292 emendata
516 2254 549 2289 a
570 2252 655 2289 me
676 2238 1017 2288 innumerabi
1048 2238 1170 2288 ibus
1199 2239 1360 2298 locis,
1406 2238 1610 2289 additis
1633 2237 1802 2286 etiam
1863 2234 1870 2239 “

201 2309 352 2358 notis
389 2302 716 2373 quibusdam
755 2306 913 2354 meis.
982 2304 1119 2354 Eum
1159 2319 1292 2354 vero
1324 2304 1523 2354 librum
1555 2316 1720 2369 spero
1744 2310 1804 2352 et

202 2374 307 2425 tibi
342 2378 398 2423 et
416 2386 618 2438 magno
640 2370 985 2421 cancellario
1029 2375 1086 2420 et
1122 2384 1256 2421 vero
1298 2372 1406 2436 ipsi
1443 2370 1799 2420 serenissimo

203 2440 346 2521 Regi
368 2455 431 2489 ac
452 2438 691 2489 Domino
713 2452 836 2487 meo
860 2438 1082 2503 dignum
1104 2438 1281 2487 visum
1302 2438 1389 2497 iri,
1413 2439 1470 2486 in
1491 2451 1600 2503 quo
1625 2434 1801 2485 subsi-

206 2507 315 2558 civi
348 2507 616 2573 temporis
648 2504 857 2572 aliquid
896 2502 1222 2554 collocetur.
1296 2503 1459 2563 Quod
1495 2503 1546 2554 si
1584 2509 1643 2552 tu
1665 2498 1799 2551 mihi

263 2645 304 2698 ⁶)
326 2645 485 2688 Beneii
504 2645 727 2701 inprimis,
749 2646 821 2689 cui
839 2648 888 2689 et
907 2644 1149 2689 dedicavit.
1185 2642 1398 2687 nomas.
1421 2644 1496 2689 ef.
1511 2643 1572 2687 11.
1593 2656 1667 2697 ep.
1690 2644 1758 2684 Π.
