2275 3025
412 122 515 175 346
952 120 1031 173 M.
1064 122 1129 172 A.
1161 119 1486 172 MURETI

416 238 489 275 ex
506 224 705 289 quibus
724 222 889 289 plane
914 221 1172 287 perspexi
1193 227 1252 272 et
1268 222 1555 273 mirificam
1575 220 1914 287 elegantiam
1941 223 2038 276 in-

417 290 570 358 genii
606 290 715 351 tui,
756 295 814 339 et
852 287 1191 354 singularem
1213 288 1483 353 quendam
1506 302 1748 337 amorem
1769 304 1910 355 erga
1929 306 2036 341 me

418 363 589 407 tuum.
658 356 779 422 Ego
800 370 933 405 vero
955 362 1011 403 te
1042 368 1152 403 non
1183 361 1422 414 tantum,
1464 361 1526 403 ut
1561 353 1736 420 petis,
1776 354 2037 407 libenter

418 423 727 474 adscribam
750 420 818 470 ad
844 435 1127 470 numerum
1157 434 1379 480 eorum,
1427 434 1566 485 quos
1599 434 1752 479 auio,
1784 427 1855 470 et
1883 438 2032 487 quo-

418 504 537 538 rum
558 502 727 538 causa
746 487 933 536 onmia
952 488 1144 550 cupio;
1166 500 1352 535 verum
1377 487 1542 535 etiam
1561 486 1798 536 moleste
1819 487 2030 550 feram,

418 554 525 613 nisi
544 560 607 604 tu
628 568 864 619 quoque,
882 554 933 604 si
952 567 1093 617 quos
1112 550 1329 603 fructus
1351 565 1419 602 ex
1440 552 1686 602 amicitia
1704 567 1830 602 mea
1846 567 2030 618 posse

416 620 628 687 percipi
656 628 847 687 putas,
886 633 993 683 eos,
1022 634 1057 673 a,
1080 632 1168 668 me
1192 624 1498 677 omne-uuo
1521 618 1640 667 iure
1661 618 1837 669 libere
1861 624 1919 669 et
1937 618 2028 671 fa-

418 686 711 737 miliariter
753 682 1028 753 exegeris,
1098 682 1292 751 Neque
1326 700 1468 734 nunc
1499 684 1719 751 quidem
1754 684 1909 735 aliud
1937 686 2028 735 ul-

420 752 531 803 lum
568 751 849 802 scribendi
891 756 1272 817 argumentum
1311 748 1490 800 habeo
1531 766 1598 799 ne
1642 765 1708 800 ue
1750 753 2028 819 temporis

420 819 584 869 satis:
628 823 686 868 et
722 824 781 867 tu
820 831 854 866 a
890 832 978 867 me
1000 814 1107 867 hoc
1127 822 1376 882 tempore
1411 814 1549 866 nihil
1575 832 1608 867 a
1632 816 1724 867 iud
1755 818 1906 869 visus
1938 832 2027 881 ez,

420 898 583 951 quam
604 883 880 934 amicitiae
901 889 1125 934 nostrae
1149 883 1418 949 quandam
1441 885 1598 949 quasi
1619 886 1934 934 cautionem
1955 899 2028 935 ac

421 949 577 1002 chiro
622 948 849 1016 raphum
872 948 1176 1017 postulare.
1247 949 1437 999 Habes
1460 950 1676 1015 itaque,
1700 950 1848 1015 quod
1866 955 2025 1015 pete-

419 1018 548 1078 bas,
582 964 864 1067 {iuretum
894 1016 1055 1083 plane
1074 1020 1247 1067 tuum.
1318 1016 1404 1065 Tu
1426 1031 1645 1081 quoque
1667 1021 1858 1081 persta
1874 1016 1932 1066 in
1953 1031 2028 1067 ea

422 1084 727 1144 voluntate,
770 1098 929 1149 quam
950 1096 1086 1149 erga
1104 1096 1192 1131 me
1212 1082 1526 1149 suscepisti,
1570 1089 1626 1131 et
1645 1082 1714 1131 ad
1736 1097 1854 1144 me,
1897 1098 2025 1133 cum

422 1150 771 1201 commodum
794 1151 917 1211 erit,
957 1148 1160 1199 scribe.
1230 1148 1352 1215 Ego
1375 1148 1442 1198 ad
1465 1153 1522 1198 te
1543 1148 1864 1215 propediem
1885 1148 2025 1199 scri-

422 1223 638 1283 ptorum
659 1230 905 1266 meorum
928 1214 1138 1281 aliquid
1159 1216 1388 1265 mitta‘m.
1459 1212 1655 1266 Saluta
1675 1212 1806 1265 mihi
1829 1214 2028 1265 Giber·

423 1291 537 1333 tum
560 1281 795 1341 Oddnm,
832 1287 1077 1330 veterem
1113 1282 1348 1331 amicum
1373 1294 1588 1343 meum,
1629 1281 1729 1331 sed
1761 1282 1848 1331 cui
1871 1280 2024 1332 efflu-

422 1348 574 1398 xisse
596 1348 811 1397 me'iam
831 1353 991 1411 puto:
1030 1346 1110 1395 ita
1131 1352 1314 1396 mutus
1336 1345 1517 1396 factus
1539 1350 1644 1404 est,
1705 1350 1761 1398 ui
1780 1362 1866 1397 me
1887 1348 2022 1397 ami·

424 1413 644 1462 cissime
666 1412 884 1476 scriptis
905 1410 1109 1461 litteris
1134 1411 1330 1461 crebro
1351 1412 1583 1463 reticere
1605 1430 1667 1463 so
1695 1414 1838 1464 ebat.
1859 1412 2020 1465 Vale.

423 1478 647 1530 Romae.
668 1492 888 1530 nnxxc.
935 1480 1070 1528 Amo
1091 1476 1168 1528 M.
1191 1478 1500 1533 Antonium.
1525 1480 1834 1530 auditorem
1857 1486 2025 1533 antea

423 1560 622 1608 meum,
644 1551 1061 1613 praeceptorem
1082 1559 1227 1596 nunc
1243 1552 1421 1597 tuumz
1461 1548 1582 1608 eius
1604 1549 2018 1614 epigrammata,

422 1625 566 1681 quae
587 1611 955 1680 accepi,bona
974 1617 1127 1662 sunt:
1148 1611 1390 1664 libenter
1409 1613 1543 1681 legi,
1564 1613 1765 1666 leviter
1783 1613 2018 1682 castiga·

424 1681 498 1743 vi,
522 1681 703 1732 eidem
722 1679 943 1732 reddidi
962 1678 1055 1748 qui
1076 1678 1360 1732 attulerat.
1443 1717 1448 1724 .

1038 1824 1193 1833 -—-—.-.-

566 1877 573 1884 ’
625 1907 813 1960 xxv.
858 1909 935 1960 M.
969 1911 1394 1966 ANTons
1429 1905 1818 1968 mnam-us

560 2005 617 2042 ss·
668 2005 829 2042 AN‘r.
881 2007 1318 2078 Bonctsnro
1371 2011 1420 2048 Β.
1472 2013 1881 2050 PERUSIAH·

466 2058 722 2161 *Accepi
742 2107 774 2140 a
794 2091 1071 2144 Parisiolo
1092 2102 1280 2146 crusta
1299 2095 1599 2148 saccharea
1610 2098 1878 2149 Perusina
1895 2099 2008 2150 lon-

426 2158 859 2220 gewaxissima,
873 2167 929 2209 et
948 2175 1068 2210 cum
1091 2160 1204 2211 illis
1229 2169 1494 2214 unatuum
1511 2165 1579 2214 de
1589 2165 1758 2216 Fabia
1775 2179 2004 2228 carmen,

426 2213 613 2291 palffstf)
636 2213 765 2277 ‘Fstd
874 2237 999 2274 meo
1020 2225 1190 2290 longe
1211 2228 1452 2280 suavius.
1522 2229 1714 2298 ltaque
1737 2231 2002 2297 Dionysio

430 2279 498 2329 de
517 2278 633 2329 ¹11¹ss
654 2292 761 2342 ³8⁰
784 2290 851 2340 ΕΙ·
1064 2292 1301 2342 aximas:
1336 2295 1438 2343 tibi
1461 2295 1530 2344 de
1550 2295 1674 2354 boc,
1701 2306 1759 2348 ut
1782 2296 2002 2348 Plautus

427 2350 619 2394 noster
655 2341 925 2404 loquitur,
967 2352 1056 2386 ma
1293 2373 1456 2421 oms·-
1509 2361 1742 2428 Ligurio
1783 2365 2001 2430 primam

424 2407 695 2473 syllabam
717 2410 1025 2468 correptam
1048 2399 1232 2461 habet,
1453 2427 1716 2490 nundum,
1739 2437 1798 2479 ut
1816 2427 2002 2492 “un-⁰.

417 2469 689 2538 parturio,
713 2475 769 2518 et
790 2475 977 2518 cetera
995 2467 1220 2531 generis
1241 2467 1803 2550 ‘iflSdeanccus
1824 2501 2000 2546 tame„

423 2535 798 2653 ριᾙᾶῑινιξὶξοξίῐ).
823 2533 889 2583 11.
912 2533 1238 2583 Sermonum
1259 2529 1444 2586 Sata.
1462 2531 1512 2592 ³⁴)
