2275 3025
348 125 449 175 31²
894 122 972 174 M.
1006 124 1067 174 A.
1100 124 1420 177 MURETl

349 232 439 275 tur
457 237 569 275 non
587 223 919 275 naturaliter
936 230 1168 288 tantum,
1202 226 1304 279 sed
1322 227 1491 279 etiam
1511 226 1750 279 civiliter
1768 229 1930 292 possi

352 293 509 341 deret
568 292 721 371 quod
765 291 942 357 ipsius
987 294 1274 358 possessio
1319 294 1440 345 iure
1477 294 1625 345 civili
1661 296 1954 361 probetur.

354 357 650 409 Possessio
696 358 871 424 igitur
918 360 1191 423 naturalis
1236 359 1356 410 sive
1393 360 1701 427 corporalis
1737 367 1957 411 tantum

354 436 572 490 semper
588 423 799 475 iniusta
830 430 943 475 estt
982 431 1040 476 at
1066 426 1357 491 possessio
1383 427 1672 489 naturalis,
1691 442 1832 493 quae
1851 426 1954 477 ali·

356 505 466 557 quo
494 492 615 541 iure
642 490 799 541 civili
820 491 1040 555 nititur,
1062 492 1243 543 civilis
1265 497 1379 554 est,
1406 493 1464 542 id
1489 499 1599 555 est,
1621 495 1770 544 iusta
1787 498 1847 543 et
1863 507 1956 543 ae-

354 572 479 623 qua.
549 557 651 608 Est
682 559 851 609 etiam
880 561 1127 624 reperire
1157 560 1335 609 solam
1364 559 1781 623 possessionem
1819 559 1954 611 civi-

353 624 486 684 lem,
536 624 658 674 sine
702 624 967 674 naturali:
1013 632 1074 675 ut
1108 626 1168 675 in
1203 640 1396 687 servo,
1447 628 1544 691 qui
1579 632 1668 677 est
1702 627 1758 677 iu
1796 624 1952 691 fuga.

356 690 618 750 Quamvis
646 691 793 740 enim
820 704 945 741 eum
974 696 1107 743 tuuc
1136 692 1358 758 quidem
1386 693 1715 743 naturaliter
1737 707 1804 742 ac
1829 706 1954 742 cor-

352 756 624 821 poraliter
643 771 754 806 non
779 758 1163 821 possidemus,
1203 758 1446 809 civiliter
1480 766 1666 808 tamen
1702 757 1956 823 posside-

352 836 494 884 mus,
532 828 685 872 certe
708 822 949 887 quidem,
970 824 1232 889 quamdiu
1266 825 1535 875 anemiue
1567 825 1682 875 alio
1741 823 1954 875 osside-

353 894 461 949 tur,
501 887 567 939 L.
600 888 735 938 Rem
766 902 907 954 quae
935 890 1114 940 nobis.
1145 889 1214 941 D.
1244 889 1351 941 hoc
1377 891 1461 941 tit.
1491 890 1584 941 Sic
1617 896 1676 940 et
1731 890 1955 952 undum,

354 956 513 1005 cuius
533 954 750 1005 alienus
768 956 1118 1007 ususfructus
1140 963 1252 1019 est,
1279 958 1592 1023 proprietas
1627 963 1836 1017 nostra,
1859 970 1954 1007 na-

354 1021 613 1071 turaliter
642 1021 933 1088 possidere
959 1022 1180 1073 videtur
1199 1020 1558 1073 fructuarius:
1608 1038 1731 1073 curn
1767 1028 1956 1073 tamen

356 1100 482 1139 euni
510 1102 614 1138 nos
644 1088 887 1149 civiliter
911 1088 1421 1154 possideamussb.
1453 1088 1812 1150 Naturaliter,
1843 1086 1956 1140 hoc

352 1154 443 1205 tit.
512 1154 585 1204 Et
615 1155 763 1220 quod
792 1155 928 1206 alibi
954 1156 1144 1206 multis
1173 1157 1232 1206 in
1263 1156 1405 1207 locis
1427 1154 1784 1217 fructuarius,
1803 1170 1958 1205 eon-

356 1221 697 1271 modatarius
711 1257 728 1281 ,
776 1220 1182 1287 depositarius,
1225 1222 1322 1289 qui
1365 1222 1677 1289 precarium
1715 1222 1952 1287 accepit,

356 1292 629 1351 negantur
646 1285 956 1352 possidere,
976 1288 1035 1336 id
1054 1290 1137 1337 ita
1153 1286 1578 1355 intelligendum
1600 1295 1704 1348 est,
1721 1302 1820 1339 eos
1841 1302 1952 1339 non

354 1351 645 1417 possidere
683 1352 866 1402 animo
905 1352 1139 1404 domiui:
1181 1355 1504 1421 idcircoque
1534 1354 1701 1405 talem
1732 1368 1952 1419 posses-

356 1420 571 1468 sionem
591 1416 895 1481 quamlibet
912 1416 1137 1483 longam
1159 1418 1294 1470 nihil
1323 1421 1508 1472 valere
1539 1421 1608 1471 ad
1631 1420 1955 1487 usucapien-

358 1484 552 1601 dum.d
575 1482 766 1550 ltaque
800 1497 1006 1552 genere
1041 1482 1282 1554 quodam
1311 1492 1370 1538 et
1413 1487 1703 1556 possident
1748 1493 1805 1539 et
1842 1502 1950 1538 non

356 1551 513 1618 possi
553 1556 665 1601 ent.

546 1663 916 1709 voest-8810
954 1667 1156 1706 svrnn·
1197 1669 1386 1708 mats
1425 1671 1502 1706 Ax
1542 1669 1756 1706 rscrr.

456 1753 540 1805 Ex
558 1752 646 1807 his
666 1761 922 1806 constare
944 1757 1168 1821 opinor,
1197 1756 1614 1834 possessionem
1643 1769 1769 1806 esse
1793 1752 1950 1804 facti:

356 1820 505 1887 quod
528 1825 640 1870 tam
660 1820 850 1872 multis
882 1822 940 1871 in
964 1824 1087 1874 iure
1108 1823 1251 1872 locis
1268 1822 1557 1888 probatur,
1580 1829 1643 1872 ut
1662 1835 1763 1872 eos
1783 1835 1951 1870 annu·

352 1901 473 2002 ἓξὲξ
474 1887 1952 2019 ³‘3Jif153‘a132322053'2wxdh2222¹02¹3322⁵53333

237 2024 253 2028 ”
354 2024 459 2068 est.
531 2016 671 2068 Nam
692 2017 976 2083 possessio
1006 2033 1158 2070 mere
1197 2021 1464 2072 naturalis
1501 2027 1590 2070 est
1623 2023 1762 2071 meri
1794 2017 1951 2079 facti,

352 2088 416 2134 ut
453 2097 596 2150 quae
636 2079 790 2134 nullo
828 2098 1056 2150 prorsus
1092 2085 1216 2136 iure
1252 2086 1478 2138 nitatur.
1550 2086 1742 2136 Civilis
1781 2092 1954 2136 estet

352 2151 476 2216 ipsa
495 2150 716 2231 quidem
736 2148 894 2212 facti,
915 2151 1015 2200 sed
1036 2152 1168 2232 quia
1191 2153 1313 2202 iure
1339 2154 1562 2214 nititur,
1596 2151 1764 2204 habet
1784 2149 1952 2202 etiam

354 2217 566 2283 aliquid
586 2217 744 2268 iuris.
812 2216 951 2268 Nam
971 2232 1064 2283 qui
1084 2218 1325 2270 civiliter
1341 2219 1612 2284 possidet,
1633 2222 1684 2269 is
1707 2225 1765 2268 et
1785 2219 1953 2268 inter-

354 2281 506 2333 dicto
535 2285 743 2335 retinet
765 2285 1208 2349 possessionem,
1243 2285 1370 2334 dum
1389 2299 1482 2335 res
1502 2285 1806 2346 evincatur,
1829 2290 1887 2333 et
1904 2282 1956 2349 si

355 2347 450 2399 diu
470 2349 591 2400 sine
616 2350 1069 2418 interpellatione
1095 2351 1436 2416 possederit,
1473 2364 1588 2400 rem
1615 2365 1770 2400 suam
1791 2348 1952 2400 facin

353 2412 521 2479 idque
556 2415 676 2465 sive
715 2421 773 2465 et
809 2417 992 2467 animo
1032 2422 1090 2466 et
1107 2429 1364 2479 corpore,
1401 2417 1518 2466 sive
1559 2417 1726 2466 etiam
1768 2415 1953 2465 anino

354 2485 565 2529 tantum
588 2481 891 2546 possideat,
927 2481 1055 2531 dum
1086 2481 1328 2531 civiliter
1355 2482 1659 2547 possideat,
1687 2479 1754 2530 L.
1775 2480 1954 2530 Nemo

355 2543 588 2609 ambigit
619 2546 679 2594 G.
712 2561 800 2598 eo.
839 2549 927 2596 tit.
1000 2547 1071 2596 Et
1108 2553 1261 2596 certe
1299 2546 1408 2596 uisi
1445 2547 1625 2596 civilis
1703 2545 1954 2596 ossessio

356 2608 589 2662 haberet
605 2612 812 2677 aliquid
834 2613 999 2673 iuris,
1032 2625 1144 2661 non
1175 2611 1485 2662 diceremur
1517 2626 1620 2677 ncq
1679 2626 1806 2663 rere
1827 2624 1954 2677 pos-
