2275 3025
464 187 728 242 EPIST.
765 188 921 242 LIB.
956 187 997 243 1.
1034 191 1158 246 ΕΡ.
1193 190 1380 244 XCII.
1416 193 1634 249 xcnl.
1758 200 1852 250 141

254 303 477 368 quoque
499 288 929 369 exspectandum
952 295 1059 352 est,
1100 291 1229 344 dum
1249 291 1356 346 hoc
1373 308 1568 346 reeens
1596 297 1854 363 gaudium

256 369 564 490 33³3&ssss
568 355 1855 496 ¹551,eim?&siffis?‡.⁶1‘:1¹.⁰§31‚2231z¹;1

260 503 341 542 MD
348 502 485 540 Lxx.

434 817 666 870 XCIII.
701 817 780 870 M.
815 817 1256 872 ANTONIUS
1290 820 1686 876 MURETUS

738 899 938 936 mmo
1008 900 1262 939 noscro
1329 901 1376 939 s.

324 951 445 1038 Ex
462 983 675 1051 Elegiis
688 1020 704 1047 ,
743 995 880 1051 quas
906 999 941 1034 a
958 991 1014 1035 te
1047 1000 1223 1051 nuper
1242 987 1450 1053 accepi,
1475 988 1587 1039 diei
1605 1001 1715 1038 non
1734 994 1846 1054 pot·

260 1057 373 1113 est,
416 1057 677 1118 quantum
710 1051 952 1116 ceperim
979 1051 1309 1102 voluntatis:
1346 1067 1458 1103 non
1486 1059 1698 1104 tantum
1726 1054 1859 1119 quia

256 1132 345 1168 me
382 1118 712 1179 laudabant,
752 1117 861 1168 etsi
894 1114 1108 1179 ἥδιστον
1136 1115 1374 1180 ἄκουσμα
1415 1115 1445 1166 δ
1482 1120 1710 1180 ἔπαινος,
1755 1120 1854 1170 sed

256 1183 390 1299 8¹⁵⁸
440 1183 499 1233 id
544 1183 959 1249 elegantissime
1011 1183 1510 1251 venustissimeque
1558 1183 1854 1236 faciebant.

310 1248 497 1300 mnino
527 1249 702 1299 multa
726 1249 861 1300 mihi
882 1249 1158 1300 Hercules
1189 1256 1382 1301 noster
1401 1251 1470 1302 de
1489 1251 1716 1317 ingenio
1756 1257 1854 1301 tuo

258 1315 327 1366 de
370 1329 439 1364 ue
483 1318 827 1381 praestantia
866 1318 925 1367 in
959 1316 1266 1382 pangendis
1316 1317 1572 1368 versibus
1619 1317 1852 1368 dixerat.

262 1331 375 1433 Se}
400 1386 463 1432 tu
483 1396 604 1431 eam
627 1382 963 1447 opinionem,
988 1397 1150 1448 quam
1173 1397 1278 1450 ego
1302 1398 1372 1436 ex
1393 1385 1567 1451 ipsius
1587 1383 1856 1434 sermoni·

254 1447 357 1498 bus
386 1447 455 1497 de
484 1453 541 1497 te
572 1462 965 1514 conceperam,
991 1448 1160 1516 longe
1187 1449 1532 1517 multumque
1557 1449 1850 1517 superasti.

258 1514 401 1567 Vere
435 1513 543 1564 hoc
562 1514 665 1565 tibi
699 1516 937 1565 affirmo:
966 1516 1176 1566 nullum
1197 1532 1231 1566 a
1247 1518 1437 1569 multis
1458 1518 1570 1567 iam
1591 1519 1749 1567 annis
1769 1516 1852 1566 vi·

256 1581 315 1633 di
333 1580 621 1647 aequalem
640 1587 820 1643 tuum,
853 1595 1013 1647 quem
1033 1590 1216 1632 tecum
1236 1584 1292 1632 in
1316 1581 1422 1633 hoc
1442 1596 1649 1649 genere
1667 1580 1854 1632 confe-

250 1648 486 1699 rendum
525 1652 737 1711 putem3
772 1661 950 1714 neque
992 1647 1214 1709 dubito,
1253 1649 1303 1697 si
1340 1649 1683 1714 perrexeris,
1723 1647 1853 1712 quin

249 1713 438 1780 possis
464 1712 760 1779 aliquando
786 1716 934 1766 inter
964 1714 1202 1780 optimos
1232 1711 1394 1764 huius
1425 1712 1637 1765 saeculi
1655 1716 1880 1789 poetas,

252 1780 493 1843 censeri,

385 1877 506 1930 Ima·
545 1893 762 1944 nemque
782 1884 875 1927 tuo
891 1874 1059 1943 capiti
1066 1885 1252 1943 petere
1271 1876 1393 1929 inde
1410 1892 1682 1941 coronam,
1721 1859 1740 1871 ⁸

394 1894 543 1995 [1ηῇ
554 1944 709 2011 prim
720 1942 911 2011 paucis
930 1942 1161 1995 velarint
1177 1952 1417 2012 tempora
1436 1942 1698 2010 Mmae.*)

255 2043 353 2097 Sin
374 2050 460 2107 te,
482 2046 631 2111 quod
648 2040 772 2095 fore
794 2057 1063 2111 auguror,
1098 2044 1322 2111 gravius
1343 2045 1572 2111 aliquod
1589 2045 1850 2107 studium,

252 2111 650 2177 progrediente
676 2117 879 2172 aetate,
900 2110 968 2161 ab
990 2112 1326 2162 amoenitate
1348 2116 1662 2178 poematum
1681 2113 1851 2163 abdu-

250 2178 425 2227 xerit:
463 2184 644 2229 tamen
666 2184 742 2239 te,
768 2178 844 2227 mi
864 2176 1033 2228 Rosci
1055 2178 1262 2242 optime
1285 2184 1342 2227 et
1359 2178 1703 2239 suavissime,
1726 2175 1852 2226 hor-

250 2251 370 2305 tor,
400 2258 470 2293 ne
497 2244 689 2293 Musas
710 2258 948 2309 unquam
975 2243 1137 2308 plane
1160 2242 1415 2305 deseras,
1453 2258 1592 2293 neve
1611 2256 1852 2308 unquam

248 2310 328 2359 ita
355 2315 413 2359 te
445 2308 669 2360 addicas
704 2310 958 2378 cuiquam
977 2308 1197 2359 illarum
1227 2309 1552 2369 severioris,
1589 2314 1652 2358 ut
1671 2308 1750 2357 ita
1770 2306 1850 2356 di-

249 2390 389 2437 cam,
412 2375 697 2441 supercilii
720 2378 919 2425 artium
934 2411 948 2436 ,
979 2379 1040 2425 ut
1058 2390 1168 2425 non
1190 2374 1296 2426 tibi
1315 2373 1616 2424 identidem
1638 2386 1706 2423 ex
1726 2372 1847 2422 Mu·

246 2456 431 2492 sarum
455 2441 707 2492 cantibus
728 2441 779 2492 si
796 2440 937 2491 nihil
955 2440 1124 2502 aliud,
1147 2440 1439 2505 petendam
1459 2445 1608 2489 certe
1629 2439 1846 2505 gravio·

248 2521 368 2559 rum
415 2507 817 2574 cogitationum
864 2506 1256 2557 allevationem
1301 2510 1480 2571 putes.
1550 2503 1744 2570 Neque
1786 2510 1844 2553 te

246 2570 352 2625 hoe
372 2573 647 2632 facturum
668 2588 792 2637 esse
815 2572 1023 2623 diffido.

301 2686 339 2740 ·)
373 2684 551 2727 namt.
572 2682 611 2725 1.
630 2687 728 2729 ⁹28.
749 2685 846 2728 ⁹29.
