2275 3025
389 130 488 200 348
690 190 696 195 .
915 150 993 199 M.
1033 150 1094 200 A.
1128 144 1456 197 mune-rr

394 260 564 297 causa
600 244 739 295 haec
785 246 909 299 fuit.
998 249 1147 298 lbam
1195 244 1262 297 ad
1297 244 1504 295 Lucam
1556 244 1882 307 Paetum,*)
1937 254 2013 297 ut

396 329 465 364 ex
482 330 551 366 eo
579 315 787 364 certius
824 314 1037 381 aliquid
1073 312 1526 379 exploratiusque
1565 326 2006 377 cognoscerem.

398 380 533 430 Cum
572 394 641 429 eo
668 382 942 430 venissem
982 388 1039 430 et
1073 395 1196 429 cum
1230 378 1332 429 illo
1375 392 1685 428 sermonem
1733 378 2008 429 conferre

398 447 725 512 coepissem,
764 446 987 497 litterae
1007 454 1188 517 tuae„
1206 459 1342 523 quas
1361 443 1470 511 ipsi
1491 445 1789 494 ostendere
1810 445 2011 509 cupie-

394 512 545 572 bam,
566 511 624 561 in
647 513 737 561 via
756 512 889 564 mihi
910 528 941 563 e
963 514 1087 564 sinu
1107 510 1448 561 exciderant.
1505 510 1683 560 Haesi
1701 510 2008 571 attonitus,

397 594 521 629 cum
548 580 687 629 satis
727 587 884 629 certo
918 580 1262 629 constituere
1303 591 1412 625 non
1451 590 1692 642 possem,
1733 576 2006 642 numquid

398 658 493 694 cas
514 659 729 695 mecum
751 646 1093 705 extulissent,
1116 659 1186 695 an
1205 642 1560 708 reliquissem
1583 643 1750 692 domi.
1800 643 2002 708 ltaque

394 716 457 760 ut
478 710 698 761 domum
718 711 878 771 redii,
900 726 1091 762 omnes
1110 725 1327 776 capsas,
1349 723 1538 759 omnes
1557 706 1790 769 forulos,
1805 722 2006 759 omnes

396 777 631 841 angulos
669 774 1043 827 bibliothecae
1082 790 1240 827 meae
1279 774 1526 834 excussi,
1579 774 1759 825 donec
1795 788 2006 841 magna

397 856 531 891 sane
552 857 675 892 cum
696 844 863 893 animi
882 844 1144 893 molestia
1161 843 1340 902 sensi,
1377 854 1567 890 verum
1601 854 1726 890 esse
1745 840 1886 891 illud
1907 854 2005 890 ve-

396 914 487 957 tus
530 906 755 968 dictum,
796 924 975 975 neque
1014 910 1181 969 sinui,
1221 921 1399 974 neque
1418 906 1640 957 mulieri
1661 905 2004 957 credendum

398 988 544 1024 csse.
602 974 825 1025 Distuli
861 976 1066 1038 tamen,
1106 974 1286 1025 sicubi
1329 983 1424 1023 eas
1467 972 1618 1023 forte
1667 975 1999 1039 reperirem:

399 1054 509 1123 qua
549 1055 649 1106 spe
684 1040 878 1103 fretus,
919 1041 1047 1092 dum
1084 1040 1228 1091 diem
1259 1054 1330 1091 ex
1359 1040 1450 1089 die
1470 1039 1631 1100 duco,
1671 1038 1854 1089 factus
1876 1054 2002 1090 sum

398 1105 731 1172 υπερὴμερος.
818 1108 1004 1161 Hodie
1054 1108 1182 1159 deni
1226 1120 1293 1157 ue
1337 1105 1407 1156 ad
1448 1105 1678 1155 Paetum
1715 1106 1884 1157 rediit
1941 1104 2002 1157 ek

401 1174 531 1238 quia
566 1173 883 1225 meminisse
921 1175 1169 1237 videbar,
1187 1123 1413 1234 qssvjvnpoe
1446 1177 1600 1222 tuum
1629 1170 1805 1223 fuisse
1825 1172 1894 1223 de
1916 1172 2000 1222 di-

400 1240 689 1300 scrimine,
740 1240 889 1306 quod
929 1240 1135 1291 Paetus
1178 1238 1414 1289 dixisset
1452 1252 1576 1289 esse
1616 1239 1764 1288 inter
1837 1238 1998 1289 edem

402 1306 903 1372 Gelotianum,-quo
924 1306 1188 1371 Agricola
1207 1320 1338 1353 usus
1361 1310 1467 1365 est,
1507 1310 1565 1353 et
1584 1318 1760 1368 suum,
1841 1320 1908 1355 oc
1928 1320 1998 1357 ex

400 1374 523 1437 ipso
546 1371 812 1435 quaesivi.
886 1371 1148 1421 Ostendit
1168 1376 1353 1429 autem
1379 1368 1513 1421 mihi
1554 1386 1678 1421 cum
1705 1371 1818 1421 alia
1845 1376 2000 1423 vetu-

400 1438 561 1489 stati·
581 1443 936 1485 monumenta
954 1450 1088 1485 sane
1104 1436 1366 1502 insignia,
1405 1442 1519 1487 tum
1549 1437 1718 1503 pedes
1747 1438 1886 1488 duos
1906 1452 1998 1487 ae·

402 1517 539 1555 neos
591 1515 624 1552 e
660 1507 825 1553 »terra
870 1509 1063 1556 erutos
1115 1502 1290 1553 mirae
1340 1504 1704 1569 antiquitatis.
1790 1502 1999 1556 Eorum

400 1576 693 1635 utrumque
735 1585 857 1620 cum
886 1569 1182 1620 Colotiano
1211 1569 1563 1621 contulimus.
1631 1571 1737 1622 Est
1771 1571 1995 1622 omnino

400 1637 611 1703 aliquid
665 1637 1027 1687 discriminis:
1088 1636 1396 1704 pauxillulo
1447 1639 1592 1687 enim
1638 1637 1865 1704 longior
1910 1645 1996 1688 est

401 1702 751 1766 Colotianus3
786 1703 887 1754 sed
908 1704 1283 1770 discrepantia
1302 1703 1385 1752 ita
1398 1703 1580 1754 tenuis
1603 1709 1707 1766 est,
1727 1709 1789 1754 ut
1809 1703 1994 1755 oculo-

398 1785 519 1821 rum
539 1770 691 1820 acies
708 1771 1047 1820 intendenda
1065 1771 1164 1832 sit,
1205 1769 1451 1834 scrupuli
1472 1770 1520 1818 si
1539 1767 1689 1821 forte
1707 1771 1868 1820 unius
1889 1778 1990 1822 est.

396 1835 521 1901 Ego
549 1841 732 1886 tamen
772 1851 879 1886 non
919 1836 1137 1896 dubito,
1179 1838 1308 1902 quin
1341 1835 1498 1884 Paeti
1536 1850 1637 1901 pes
1676 1837 1864 1886 verior
1899 1837 1990 1899 sit,

400 1915 560 1967 quam
582 1899 808 1951 Colotii.
858 1900 989 1961 Sed,
1010 1910 1071 1952 ut
1091 1901 1234 1963 dixi,
1257 1901 1551 1951 discrimen
1573 1908 1662 1952 est
1690 1899 1825 1965 λαΐνῳ
1850 1905 1993 1950 θεω-

398 1962 577 2032 ρητόν.
648 1965 709 2017 Si
731 1966 863 2032 quid
884 1983 916 2017 a
936 1982 1023 2018 me
1045 1968 1194 2019 aliud
1216 1969 1486 2034 praestari
1506 1967 1690 2032 voles;
1719 1982 1827 2018 non
1849 1970 1990 2020 enim

398 2032 505 2083 tibi
525 2032 825 2082 concedam
841 2070 855 2094 ,
878 2040 942 2085 ut
959 2039 1018 2084 tu
1038 2048 1164 2084 mea
1182 2047 1351 2084 causa
1371 2034 1495 2099 plus
1519 2034 1679 2097 velis,
1703 2037 1863 2101 quain
1885 2050 1988 2102 ego

403 2099 523 2148 tua>
584 2097 743 2149 Nunc
778 2099 851 2150 ad
886 2114 1097 2151 summa
1135 2114 1202 2149 ca
1239 2099 1320 2149 ita
1352 2101 1684 2167 posterioris
1723 2102 1990 2168 epistolae

400 2172 531 2216 tuae
552 2166 922 2232 respondebo.
992 2166 1143 2227 Noli,
1165 2181 1198 2214 o
1241 2179 1419 2228 secro,
1445 2181 1713 2218 excusare
1733 2174 1789 2218 te
1808 2202 1824 2229 ,
1847 2167 1990 2235 quod

400 2231 472 2282 ad
510 2247 607 2282 me·
632 2234 812 2284 minus
841 2239 1099 2284 accurate
1125 2232 1358 2284 scribas.
1429 2233 1552 2300 Ego
1583 2235 1748 2296 enim,
1791 2235 1882 2300 qui
1903 2235 1989 2284 vix

402 2313 637 2363 unquam
659 2299 925 2365 epistolas
946 2313 1095 2348 meas
1116 2299 1373 2364 relegere
1395 2300 1572 2360 soleo,
1595 2300 1793 2351 nedum
1817 2313 1989 2351 emen·

405 2364 537 2414 dare
557 2380 623 2415 ac
645 2365 981 2426 describere,
999 2364 1289 2415 concidam
1310 2367 1493 2416 animo
1507 2402 1523 2428 ,
1547 2367 1592 2416 si
1615 2368 1876 2433 cogitem,
1897 2367 1988 2416 mi-

402 2427 463 2478 hi
497 2443 719 2496 quoque
761 2430 1116 2497 cogitandum
1157 2443 1313 2492 esse,
1367 2446 1491 2482 cum
1537 2431 1609 2482 ad
1643 2439 1698 2483 te
1737 2433 1984 2482 scribam.

462 2527 500 2578 ¹)
550 2529 636 2574 Qui
673 2530 924 2580 scripserat
960 2531 1013 2571 de
1044 2527 1265 2570 menna-⁸⁶8
1297 2533 1346 2570 ct
1371 2530 1652 2582 ponderibus
1687 2527 1914 2572 Roman-’s
1945 2535 1991 2572 ot

407 2579 596 2622 craecis
622 2595 722 2622 tum
748 2583 816 2624 Ιιὶι
842 2595 957 2638 quae
982 2581 1121 2624 hodic
1140 2583 1316 2624 Romae
1331 2589 1439 2624 nme
1456 2584 1640 2626 collatis
1657 2584 1760 2628 libb.
1791 2583 1900 2638 qm'n
1951 2597 1986 2626 c.

401 2635 513 2678 viel.
537 2633 698 2678 Graev.
720 2634 861 2678 Thes.
878 2637 1065 2690 Antiqq.
1086 2637 1211 2678 Rom.
1233 2635 1293 2676 Τ.
1311 2635 1402 2677 xl.
1418 2649 1466 2690 p.
1491 2641 1718 2691 lflfflaqq.
1737 2636 1902 2679 [ἲν-οισι·
1929 2651 1981 2680 er.
