2275 3025
387 166 490 218 238
925 163 1005 214 M.
1039 163 1100 214 A.
1135 161 1366 214 MURE
1379 161 1461 213 ‘rl

389 265 536 318 Illud
557 277 685 314 vere
707 264 982 313 affirmare
1000 278 1243 330 possum,
1260 261 1400 313 nihil
1422 262 1525 312 tibi
1539 277 1623 312 me
1647 266 2001 330 praestitisse

395 340 492 382 aut
516 337 614 381 tua
641 345 812 380 causa
839 329 1074 391 fecisse,
1101 345 1211 396 quo
1239 331 1467 380 minima
1492 343 1623 394 pars
1649 337 1747 381 aut
1770 334 1999 385 merito·

393 413 515 449 rum
545 411 682 464 erga
709 411 794 448 me
829 403 1052 446 tuorum
1095 403 1195 446 aut-
1226 409 1385 446 meae
1417 411 1553 462 erga
1595 403 1653 446 te
1688 396 1995 450 voluntatis

399 464 699 530 adaequari
729 469 916 528 queat.
985 463 1179 528 ltaque
1204 463 1415 512 videris
1442 461 1583 511 mihi
1610 477 2000 532 nonnunquam

400 545 670 596 quaerere
701 532 1058 581 occasionem
1091 528 1437 579 exercendae
1476 529 1833 594 eloquentiae
1867 537 2001 582 tuae

399 597 456 647 in
477 599 562 647 eis
582 597 983 663 amplificandis
1005 603 1062 646 et
1081 595 1515 662 exaggerandis,
1544 609 1689 660 quae
1714 609 1817 661 per
1840 612 1900 646 se
1922 599 2003 648 ita

401 665 608 730 exigua
629 671 686 714 et
703 663 894 714 tenuia
911 669 1060 724 sunt,
1079 667 1145 712 ut
1160 663 1253 711 vix
1274 668 1645 727 compareant.
1689 662 1835 722 Quid
1856 665 2004 714 enim

400 731 506 780 tibi
531 745 564 780 a
590 744 678 780 me
706 730 974 780 tributum
994 735 1106 791 est,
1148 729 1205 778 in
1230 742 1337 794 quo
1360 740 1704 794 cognoscere
1730 731 2000 796 potueris,

403 799 596 862 quanti
623 803 682 846 te
720 795 942 856 faciam,
984 803 1080 845 aut
1117 801 1383 860 quantum
1413 803 1515 844 tua
1550 809 1719 844 causa
1756 796 2005 861 cupiam?

403 878 528 912 cum
553 865 675 928 ipse
702 867 898 912 contra
921 867 1031 911 tam
1056 861 1245 912 multis
1266 867 1489 926 tamque
1509 860 1821 911 illustribus
1844 878 2006 930 argu·

400 929 604 978 mentis
639 933 789 978 tuam
829 943 966 994 erga
1000 943 1090 980 me
1125 929 1469 977 voluntatem
1505 929 1903 992 perspexerim,
1942 935 2008 978 ut

401 1001 558 1046 certo
581 995 770 1056 sciam,
788 1010 910 1045 cum
931 1001 1194 1060 quantum·
1212 994 1505 1059 plurinum}
1525 999 1763 1059 potuero
1784 995 2007 1061 dispun-

401 1077 540 1112 xero
551 1098 566 1123 ,
598 1075 818 1128 semper
845 1068 1031 1112 tamen
1061 1061 1185 1128 plus
1212 1061 1414 1127 reliqui
1440 1059 1582 1110 fore.
1654 1059 1765 1110 Sed
1788 1063 2005 1111 omitta-

400 1144 521 1178 mus
545 1129 700 1179 baec.
767 1129 812 1178 A
841 1128 1074 1178 Tiberio
1097 1133 1196 1178 tuo
1225 1135 1438 1191 septem
1464 1125 1653 1175 insitia
1682 1129 1902 1191 accepi,
1935 1127 2005 1177 de

403 1196 604 1263 quibqs
645 1209 769 1245 amo
808 1201 864 1244 te
903 1195 1213 1260 plurimum.
1288 1193 1453 1252 Quod
1472 1197 1530 1242 te
1558 1195 1857 1258 quotannis
1894 1193 2007 1246 alia

365 1288 378 1298 ν
402 1263 700 1312 missurum
718 1261 1038 1326 polliceris,
1057 1267 1274 1327 gratum
1304 1267 1409 1309 est.
1478 1259 1603 1324 Ego
1631 1259 1734 1310 tibi
1760 1259 2007 1311 vicissim
2082 1257 2091 1261 ”

403 1328 618 1393 aliquid
671 1326 1017 1391 depromtum
1055 1341 1088 1376 e
1131 1326 1335 1376 studiis
1364 1327 1505 1376 meis
1542 1327 1773 1378 mittam.
1844 1325 2010 1376 Palu·

406 1393 563 1454 diuo,
607 1393 838 1442 Canalio
885 1392 1233 1458 ceterisque,
1270 1406 1409 1457 quos
1440 1391 1570 1442 istic
1602 1393 1713 1441 niei
1760 1401 2008 1444 amantes

405 1459 703 1578 {petel-gqis,
730 1458 983 1509 salutem.
1054 1456 1223 1511 Vale..
1244 1473 1293 1508 v.
1327 1457 1563 1508 Kalend.
1595 1457 1711 1508 lun.
1741 1473 2004 1511 nnnxxV.

789 1826 1010 1880 XXVI.
1053 1840 1269 1876 sinan
1307 1839 1628 1877 escas-ro.

479 1892 652 1974 Heri
677 1926 869 1989 accepi
889 1940 921 1973 a
940 1930 997 1975 te
1015 1925 1237 1976 litteras
1253 1924 1592 1992 reliquarum
1601 1930 1819 1977 tuarum
1839 1926 2009 1977 simil-

413 1990 600 2051 limas,
632 1990 691 2039 id
712 2000 824 2050 est,
858 2004 1102 2041 amorem
1125 1997 1183 2040 et
1213 1992 1544 2042 suavitatem
1576 1994 1725 2043 omni
1754 2009 1824 2044 ex
1850 2000 2015 2059 parte

414 2056 706 2121 spirantes.
771 2055 882 2105 Pro
905 2057 1102 2121 quibus
1125 2055 1259 2122 quid
1278 2056 1399 2118 tibi,
1420 2060 1497 2107 mi
1518 2058 1764 2121 Sacrate,
1785 2074 2011 2127 respon-

415 2123 547 2173 dere
588 2122 819 2188 possim,
859 2122 1118 2188 equidem
1153 2136 1265 2172 non
1290 2123 1475 2183 video.
1545 2124 1701 2175 Nihil
1730 2126 1875 2177 enim
1900 2127 2015 2177 iam

414 2190 628 2255 pridem
657 2189 816 2239 iubes
847 2203 933 2239 me
961 2194 1073 2245 tua,
1091 2203 1261 2239 eausa
1289 2186 1476 2240 facere
1494 2226 1509 2252 ,
1542 2206 1721 2258 neque
1750 2208 1915 2254 sane,
1950 2198 2015 2243 ut

415 2264 545 2307 sunt
565 2264 840 2323 tempora,
863 2256 1055 2316 video,
1085 2256 1269 2323 quain
1288 2270 1350 2306 re
1373 2271 1546 2321 opera
1564 2274 1688 2308 mea
1706 2260 1789 2309 uti
1808 2260 2012 2325 possis.

416 2322 526 2374 Sed
557 2324 607 2374 si
635 2323 767 2390 quid
793 2324 1063 2385 evenerit,
1091 2322 1209 2373 noli
1245 2324 1759 2388 q'uaesodubitam,
1788 2326 1928 2392 quin
1962 2324 2013 2375 is

415 2402 551 2455 erga
569 2396 626 2439 te
648 2391 770 2451 sim,
783 2390 875 2457 qui
898 2389 1097 2452 debeo,
1109 2395 1167 2439 et
1186 2390 1279 2455 qui
1295 2403 1514 2455 semper
1530 2390 1628 2441 fui.
1669 2390 2013 2454 mihicrede,

413 2468 592 2519 neque
614 2462 668 2505 te
691 2457 982 2523 quiequam
1016 2471 1248 2523 usquam
1286 2456 1578 2507 amabilius
1600 2464 1716 2518 est,
1751 2472 1933 2525 neque
1952 2466 2013 2508 tu

413 2534 738 2586 quemquam
770 2521 940 2574 habes
979 2524 1342 2575 amantiorem
1376 2537 1441 2572 ac
1478 2523 1872 2575 studiosiorem
1909 2524 2015 2575 tui.

414 2584 527 2635 Sed
561 2584 700 2635 haec
729 2588 876 2637 inter
910 2605 1014 2640 nos
1057 2602 1471 2655 supervacanea
1498 2588 1771 2639 videntur.
1841 2590 2011 2642 Mitto

341 2686 362 2697 ,
413 2650 482 2701 ad
504 2657 558 2701 te
579 2650 828 2703 libellum
850 2656 1138 2720 quendam,
1163 2668 1325 2723 quem
1344 2656 1402 2705 in
1423 2656 1658 2721 gratiam
1678 2658 1771 2705 τοῦ
1790 2651 2017 2722 ἀνεψιοῦ
