2275 3025
390 139 489 191 168
926 133 1005 187 Μ.
1040 136 1102 184 Α.
1139 133 1458 186 MURETI

390 239 682 290 lectiorem
704 234 1111 304 quodammodo
1153 240 1319 303 atque
1341 233 1690 286 humiliorem
1709 231 1994 300 refugien-

390 315 503 367 tes,
534 304 845 355 scribendis
880 303 1083 354 Latina
1104 303 1388 353 Graecave
1423 300 1994 366 lingua-orationibus

392 379 487 422 aut
514 372 787 438 poematis
816 369 1176 437 eiusdemque
1217 368 1438 435 generis
1479 367 1606 417 aliis
1637 380 1740 416 sua
1767 366 1996 416 nomina

388 438 708 504 posteritati
766 434 1154 488 commendare
1215 434 1443 484 malunt.
1535 433 1777 484 Primum
1847 434 1993 483 enim

394 521 557 571 quum
579 520 609 554 e
631 511 879 554 veterum
901 501 1298 561 monumentis,
1319 506 1579 566 tanquam
1601 513 1672 550 ex
1694 499 1916 565 optimis
1941 505 2000 548 et

392 571 690 640 pinguibus
728 571 974 634 pascuis,
1017 581 1158 632 quae
1187 567 1256 617 ad
1283 567 1614 618 saturandos
1656 564 1996 616 humanitate

393 638 607 690 animos
633 638 925 702 pertinent,
948 634 1133 683 omnia
1153 633 1512 711 colliganturz
1549 632 1803 700 profecto
1827 631 1922 697 qui
1943 638 2000 680 et

395 704 636 757 evellere
659 701 855 752 noxias
877 699 1103 762 herbas,
1136 714 1278 764 quae
1299 714 1356 749 in
1378 701 1486 760 eis,
1519 700 1791 750 cultorum
1824 697 1997 764 negli-

396 769 600 839 gentia,
626 766 979 834 pullularunt,
1002 771 1059 816 et
1078 766 1360 826 excisis‚si
1384 781 1525 831 quae
1544 767 1654 816 iter
1671 765 1997 830 impediunt,

397 834 675 895 sentibus,
715 833 923 883 aditum
946 832 1014 882 ad
1044 847 1111 882 ea
1135 832 1447 883 faciliorem
1477 833 1696 883 efficere
1732 832 1998 891 nituntur,

398 901 590 967 negari
612 913 720 949 non
742 905 945 964 potest,
961 901 1089 966 quin
1113 899 1400 966 praeclare
1422 901 1645 949 omnino
1668 898 1738 948 de
1760 896 1996 948 humano

397 981 605 1036 genere
635 972 967 1019 mereantur.
1040 965 1325 1031 Siquidem
1354 971 1415 1015 ut
1437 967 1529 1032 qui
1569 971 1666 1016 aut
1691 979 1882 1030 parum
1904 978 2000 1029 pu·

396 1037 475 1086 ris
523 1040 619 1085 aut
656 1035 727 1086 ad
772 1033 1176 1085 conficiendum
1218 1032 1534 1082 difficilibus
1572 1037 1802 1082 utuntur
1841 1029 1997 1090 cibis,

396 1102 775 1168 integritatem
809 1100 1146 1152 valetudinis
1185 1099 1610 1164 firmitatemque
1649 1098 1846 1147 virium
1886 1096 2000 1146 adi-

398 1169 537 1235 pisci
556 1171 651 1218 vix
672 1174 901 1234 queunt:
936 1167 1017 1216 ita
1038 1167 1129 1232 qui
1153 1171 1246 1215 aut
1305 1181 1456 1216 arum
1479 1163 1804 1232 emendatos
1826 1163 2000 1213 libros

401 1242 496 1286 aut
514 1249 703 1301 parum
729 1234 797 1281 ad
817 1232 1240 1298 intelligendum
1287 1233 1694 1283 aeilesversare
1709 1236 2000 1296 coguntur,

401 1313 505 1350 nae
525 1299 613 1349 illi
635 1299 793 1350 valde
812 1298 961 1347 bono
983 1299 1212 1364 ingenio
1236 1299 1348 1348 sint
1369 1305 1621 1366 oportet,
1645 1299 1694 1348 si
1715 1299 1813 1347 a'ut
1832 1295 2003 1347 ullum

402 1366 674 1416 sermonis
702 1365 948 1430 leporem
978 1371 1075 1415 aut
1098 1364 1267 1414 ullam
1297 1365 1682 1431 exquisitioris
1713 1364 2004 1414 doctrinae

402 1431 741 1496 elegantiam
762 1437 1194 1494 consequuntur.
1268 1430 1444 1491 Quam
1465 1429 1638 1482 multa
1654 1429 1894 1482 barbara
1910 1443 2003 1480 vo·

406 1496 631 1557 cabula,
661 1512 822 1563 quam
842 1496 1017 1547 multa
1039 1497 1244 1549 vitiosa
1262 1513 1470 1565 genera
1488 1497 1752 1566 loquendi
1778 1502 2008 1565 propter

403 1564 673 1616 librorum
703 1565 1115 1629 corruptionem
1149 1573 1483 1632 usurparunt
1500 1569 1568 1628 ii,
1604 1566 1695 1632 qui
1725 1580 1786 1615 se
1814 1569 2010 1614 nostra

404 1637 731 1699 patrumque
786 1633 1057 1682 memoria
1102 1633 1502 1683 Ciceronianus
1552 1632 1663 1683 dici
1715 1628 2009 1681 volebant}

408 1699 792 1765 quantularum
814 1714 998 1749 rerum
1018 1701 1329 1767 ignoratio,
1353 1706 1585 1765 quantas
1606 1700 1866 1748 tenebras
1889 1710 2009 1745 sae-

408 1780 477 1832 pe
516 1766 571 1833 in
612 1780 773 1816 omne
824 1766 1240 1832 disciplinarum
1296 1782 1470 1833 genus
1524 1764 1768 1815 invexit&
1810 1776 2013 1829 magna

412 1833 574 1889 enim,
597 1831 888 1881 Mocenice
904 1868 918 1891 ,
954 1832 1269 1882 fecunditas
1293 1833 1500 1883 erroris
1523 1839 1636 1894 est3
1675 1838 1732 1881 et
1750 1838 1812 1881 ut
1830 1828 2010 1879 morbi

411 1896 633 1962 quidam
676 1910 709 1944 a
735 1897 953 1961 pusillis
983 1898 1272 1964 principiis
1312 1898 1575 1966 profecti,
1615 1898 1880 1964 paulatim
1914 1909 2015 1963 per

413 1976 614 2027 eorpus
638 1974 797 2009 omne
821 1970 1072 2026 serpunt:
1110 1964 1191 2013 ita
1209 1980 1381 2027 parva
1399 1966 1672 2015 interdum
1695 1963 1912 2014 macula
1931 1974 2015 2013 er·

412 2028 585 2086 roris,
614 2026 879 2093 paulatim
909 2042 1209 2093 progressa
1235 2030 1487 2096 longius,
1526 2032 1746 2097 integra
1781 2030 2014 2094 optimo·

412 2108 532 2145 rum
580 2092 911 2158 scriptorum
969 2102 1323 2145 monumenta
1367 2098 1724 2147 contaminat.
1793 2096 2015 2145 Deinde

412 2176 523 2213 non
560 2166 648 2212 est
684 2174 817 2210 sane
856 2162 1312 2226 exspectandum,
1348 2170 1438 2222 ut,
1476 2166 1683 2214 omisso
1723 2163 2015 2221 Cicerone,

420 2226 653 2295 Virgilio
678 2226 989 2292 ceterisque
1010 2227 1312 2289 veteribus,
1333 2228 1592 2295 legantur
1605 2231 1664 2291 ii,
1689 2230 1782 2294 qui
1805 2236 2015 2295 tempo-

414 2294 567 2345 ribus
599 2294 805 2345 nostris
836 2292 1047 2361 aliquid
1076 2295 1270 2344 eadem
1300 2295 1493 2361 lingua
1511 2297 1568 2346 in
1589 2297 1786 2347 eodem
1809 2308 2017 2361 genere

415 2363 766 2427 scripserint=
844 2362 898 2411 ui
944 2360 991 2410 si
1031 2360 1243 2425 aliquid
1283 2360 1522 2413 afferunt
1551 2378 1661 2413 non
1700 2361 1956 2412 haustum
1985 2376 2020 2411 a

414 2433 662 2478 veterum
683 2426 824 2477 fonti
866 2444 949 2487 us,
973 2441 1146 2494 prope
1166 2426 1668 2494 reprehenduntur3
1708 2430 1794 2478 sin
1817 2430 2020 2494 impro-

414 2492 487 2541 bo
508 2492 701 2541 labore
726 2490 833 2542 hoc
854 2494 1140 2543 consecuti
1165 2499 1318 2553 sunt,
1339 2494 1470 2543 utin
1493 2496 1714 2560 scriptis
1735 2495 1853 2545 suis
1877 2492 2022 2543 nihil

414 2570 525 2606 non
564 2571 596 2605 e
640 2558 840 2622 priscis
887 2560 1001 2609 illis
1038 2560 1310 2609 imitatum
1351 2564 1410 2609 et
1450 2561 1688 2609 effictum
1727 2566 2018 2626 appareat:

416 2637 577 2673 nemo
600 2628 783 2671 tamen
816 2630 928 2684 est,
970 2625 1067 2689 qui
1093 2640 1204 2675 non
1231 2626 1363 2676 illos
1401 2626 1588 2691 potius
1615 2626 1769 2689 ipsos
1800 2626 2022 2692 priscos
