<?xml version="1.0" encoding="UTF-8"?>
<!DOCTYPE html PUBLIC "-//W3C//DTD XHTML 1.0 Transitional//EN"
    "http://www.w3.org/TR/xhtml1/DTD/xhtml1-transitional.dtd">
<html xmlns="http://www.w3.org/1999/xhtml" xml:lang="en" lang="en">
 <head>
  <title>
</title>
<meta http-equiv="Content-Type" content="text/html;charset=utf-8" />
  <meta name='ocr-system' content='tesseract 3.04.00' />
  <meta name='ocr-capabilities' content='ocr_page ocr_carea ocr_par ocr_line ocrx_word'/>
</head>
<body>
  <div class='ocr_page' id='page_1' title='image "./epistolae00unkngoog_0012.png"; bbox 0 0 2275 3025; ppageno 0'>
   <div class='ocr_carea' id='block_1_1' title="bbox 435 190 1481 245">
    <p class='ocr_par' dir='ltr' id='par_1_1' title="bbox 435 190 1481 245">
     <span class='ocr_line' id='line_1_1' title="bbox 435 190 1481 245; baseline -0.003 0"><span class='ocrx_word' id='word_1_1' title='bbox 435 196 470 245; x_wconf 78' lang='lat'>4</span> <span class='ocrx_word' id='word_1_2' title='bbox 959 192 1036 244; x_wconf 88' lang='grc' dir='ltr'>Μ.</span> <span class='ocrx_word' id='word_1_3' title='bbox 1072 193 1132 244; x_wconf 86' lang='grc' dir='ltr'>Α.</span> <span class='ocrx_word' id='word_1_4' title='bbox 1168 190 1481 245; x_wconf 84' lang='lat' dir='ltr'><strong>MURETI</strong></span> 
     </span>
    </p>
   </div>
   <div class='ocr_carea' id='block_1_2' title="bbox 434 293 2050 1966">
    <p class='ocr_par' dir='ltr' id='par_1_2' title="bbox 434 293 2050 1966">
     <span class='ocr_line' id='line_1_2' title="bbox 434 293 1999 362; baseline -0.001 -15"><span class='ocrx_word' id='word_1_5' title='bbox 434 297 494 347; x_wconf 91' lang='lat' dir='ltr'>in</span> <span class='ocrx_word' id='word_1_6' title='bbox 518 297 718 347; x_wconf 82' lang='lat' dir='ltr'>virtute</span> <span class='ocrx_word' id='word_1_7' title='bbox 739 294 1002 362; x_wconf 82' lang='lat' dir='ltr'><strong>dignitas,</strong></span> <span class='ocrx_word' id='word_1_8' title='bbox 1037 300 1238 361; x_wconf 87' lang='lat' dir='ltr'>quanta</span> <span class='ocrx_word' id='word_1_9' title='bbox 1253 295 1309 345; x_wconf 86' lang='lat' dir='ltr'>in</span> <span class='ocrx_word' id='word_1_10' title='bbox 1328 293 1477 344; x_wconf 75' lang='lat' dir='ltr'>vitiis</span> <span class='ocrx_word' id='word_1_11' title='bbox 1495 293 1771 358; x_wconf 80' lang='lat' dir='ltr'><strong>turpitudo</strong></span> <span class='ocrx_word' id='word_1_12' title='bbox 1794 294 1881 355; x_wconf 92' lang='lat' dir='ltr'>sit,</span> <span class='ocrx_word' id='word_1_13' title='bbox 1906 293 1999 345; x_wconf 86' lang='lat' dir='ltr'>do-</span> 
     </span>
     <span class='ocr_line' id='line_1_3' title="bbox 438 360 1999 429; baseline -0.002 -16"><span class='ocrx_word' id='word_1_14' title='bbox 438 368 585 413; x_wconf 85' lang='lat' dir='ltr'>cent:</span> <span class='ocrx_word' id='word_1_15' title='bbox 643 378 749 429; x_wconf 90' lang='lat' dir='ltr'>quo</span> <span class='ocrx_word' id='word_1_16' title='bbox 795 362 853 412; x_wconf 91' lang='lat' dir='ltr'>in</span> <span class='ocrx_word' id='word_1_17' title='bbox 899 375 1101 428; x_wconf 81' lang='lat' dir='ltr'>genere</span> <span class='ocrx_word' id='word_1_18' title='bbox 1140 360 1351 423; x_wconf 80' lang='lat' dir='ltr'>Seneca</span> <span class='ocrx_word' id='word_1_19' title='bbox 1396 360 1630 411; x_wconf 85' lang='lat' dir='ltr'>excellit.</span> <span class='ocrx_word' id='word_1_20' title='bbox 1702 360 1999 422; x_wconf 76' lang='lat' dir='ltr'>Quaedam,</span> 
     </span>
     <span class='ocr_line' id='line_1_4' title="bbox 437 426 2003 494; baseline -0.003 -13"><span class='ocrx_word' id='word_1_21' title='bbox 437 430 654 481; x_wconf 87' lang='lat' dir='ltr'>etiamsi</span> <span class='ocrx_word' id='word_1_22' title='bbox 680 429 748 479; x_wconf 90' lang='lat' dir='ltr'>ad</span> <span class='ocrx_word' id='word_1_23' title='bbox 773 443 862 479; x_wconf 90' lang='lat' dir='ltr'>res</span> <span class='ocrx_word' id='word_1_24' title='bbox 887 428 1050 479; x_wconf 88' lang='lat' dir='ltr'>modo</span> <span class='ocrx_word' id='word_1_25' title='bbox 1090 427 1328 493; x_wconf 85' lang='lat' dir='ltr'>privatas</span> <span class='ocrx_word' id='word_1_26' title='bbox 1366 434 1422 478; x_wconf 94' lang='lat' dir='ltr'>et</span> <span class='ocrx_word' id='word_1_27' title='bbox 1455 426 1745 478; x_wconf 83' lang='lat' dir='ltr'>familiaria</span> <span class='ocrx_word' id='word_1_28' title='bbox 1778 426 2003 494; x_wconf 86' lang='lat' dir='ltr'>negotia</span> 
     </span>
     <span class='ocr_line' id='line_1_5' title="bbox 437 490 2005 564; baseline -0.002 -18"><span class='ocrx_word' id='word_1_29' title='bbox 437 497 733 564; x_wconf 81' lang='lat' dir='ltr'>pertinent,</span> <span class='ocrx_word' id='word_1_30' title='bbox 766 496 1008 546; x_wconf 85' lang='lat' dir='ltr'>excitant</span> <span class='ocrx_word' id='word_1_31' title='bbox 1031 500 1213 544; x_wconf 86' lang='lat' dir='ltr'>tamen</span> <span class='ocrx_word' id='word_1_32' title='bbox 1242 490 1517 544; x_wconf 86' lang='lat' dir='ltr'>hominum</span> <span class='ocrx_word' id='word_1_33' title='bbox 1546 494 1749 556; x_wconf 87' lang='lat' dir='ltr'>studia,</span> <span class='ocrx_word' id='word_1_34' title='bbox 1780 500 2005 560; x_wconf 87' lang='lat' dir='ltr'>propter</span> 
     </span>
     <span class='ocr_line' id='line_1_6' title="bbox 439 559 2005 629; baseline -0.003 -15"><span class='ocrx_word' id='word_1_35' title='bbox 439 578 658 627; x_wconf 88' lang='lat' dir='ltr'>eorum,</span> <span class='ocrx_word' id='word_1_36' title='bbox 698 578 731 612; x_wconf 88' lang='lat' dir='ltr'>a</span> <span class='ocrx_word' id='word_1_37' title='bbox 755 563 950 629; x_wconf 90' lang='lat' dir='ltr'>quibus</span> <span class='ocrx_word' id='word_1_38' title='bbox 979 562 1217 626; x_wconf 77' lang='lat' dir='ltr'>scriptae</span> <span class='ocrx_word' id='word_1_39' title='bbox 1248 565 1394 623; x_wconf 89' lang='lat' dir='ltr'>sunt,</span> <span class='ocrx_word' id='word_1_40' title='bbox 1432 562 1829 612; x_wconf 85' lang='lat' dir='ltr'>auctoritatem.</span> <span class='ocrx_word' id='word_1_41' title='bbox 1899 559 2005 611; x_wconf 86' lang='lat' dir='ltr'>Na-</span> 
     </span>
     <span class='ocr_line' id='line_1_7' title="bbox 437 628 2005 694; baseline -0.003 -13"><span class='ocrx_word' id='word_1_42' title='bbox 437 636 564 681; x_wconf 84' lang='lat' dir='ltr'>tura</span> <span class='ocrx_word' id='word_1_43' title='bbox 591 630 731 680; x_wconf 89' lang='lat' dir='ltr'>enim</span> <span class='ocrx_word' id='word_1_44' title='bbox 763 633 1131 694; x_wconf 88' lang='lat' dir='ltr'>comparatum</span> <span class='ocrx_word' id='word_1_45' title='bbox 1160 633 1270 688; x_wconf 94' lang='lat' dir='ltr'>est,</span> <span class='ocrx_word' id='word_1_46' title='bbox 1298 631 1382 687; x_wconf 89' lang='lat' dir='ltr'>ut,</span> <span class='ocrx_word' id='word_1_47' title='bbox 1417 641 1553 693; x_wconf 91' lang='lat' dir='ltr'>quos</span> <span class='ocrx_word' id='word_1_48' title='bbox 1586 628 1913 679; x_wconf 83' lang='lat' dir='ltr'>admiramur</span> <span class='ocrx_word' id='word_1_49' title='bbox 1939 641 2005 677; x_wconf 89' lang='lat' dir='ltr'>ac</span> 
     </span>
     <span class='ocr_line' id='line_1_8' title="bbox 437 694 2005 764; baseline -0.001 -18"><span class='ocrx_word' id='word_1_50' title='bbox 437 698 623 764; x_wconf 88' lang='lat' dir='ltr'>magni</span> <span class='ocrx_word' id='word_1_51' title='bbox 640 696 886 757; x_wconf 86' lang='lat' dir='ltr'>facimus,</span> <span class='ocrx_word' id='word_1_52' title='bbox 910 708 1096 745; x_wconf 87' lang='lat' dir='ltr'>eorum</span> <span class='ocrx_word' id='word_1_53' title='bbox 1118 694 1299 744; x_wconf 86' lang='lat' dir='ltr'>omnia</span> <span class='ocrx_word' id='word_1_54' title='bbox 1314 694 1550 743; x_wconf 83' lang='lat' dir='ltr'>maxima</span> <span class='ocrx_word' id='word_1_55' title='bbox 1565 696 1787 746; x_wconf 88' lang='lat' dir='ltr'>minima</span> <span class='ocrx_word' id='word_1_56' title='bbox 1804 708 2005 761; x_wconf 88' lang='lat' dir='ltr'>cogno-</span> 
     </span>
     <span class='ocr_line' id='line_1_9' title="bbox 440 760 2007 829; baseline -0.001 -16"><span class='ocrx_word' id='word_1_57' title='bbox 440 777 596 813; x_wconf 87' lang='lat' dir='ltr'>scere</span> <span class='ocrx_word' id='word_1_58' title='bbox 619 764 914 828; x_wconf 89' lang='lat' dir='ltr'>cupiamus.</span> <span class='ocrx_word' id='word_1_59' title='bbox 982 760 1260 828; x_wconf 84' lang='lat' dir='ltr'>Recteque</span> <span class='ocrx_word' id='word_1_60' title='bbox 1282 774 1344 809; x_wconf 90' lang='lat' dir='ltr'>ac</span> <span class='ocrx_word' id='word_1_61' title='bbox 1361 774 1489 809; x_wconf 82' lang='lat' dir='ltr'>vere</span> <span class='ocrx_word' id='word_1_62' title='bbox 1512 760 1845 829; x_wconf 84' lang='lat' dir='ltr'>Xenophon,</span> <span class='ocrx_word' id='word_1_63' title='bbox 1863 762 2007 812; x_wconf 83' lang='lat' dir='ltr'>viro·</span> 
     </span>
     <span class='ocr_line' id='line_1_10' title="bbox 436 827 2011 895; baseline -0.001 -15"><span class='ocrx_word' id='word_1_64' title='bbox 436 844 556 881; x_wconf 88' lang='lat' dir='ltr'>rum</span> <span class='ocrx_word' id='word_1_65' title='bbox 580 830 780 879; x_wconf 85' lang='lat' dir='ltr'>virtute</span> <span class='ocrx_word' id='word_1_66' title='bbox 801 827 1188 895; x_wconf 87' lang='lat' dir='ltr'>praestantium</span> <span class='ocrx_word' id='word_1_67' title='bbox 1210 841 1320 877; x_wconf 90' lang='lat' dir='ltr'>non</span> <span class='ocrx_word' id='word_1_68' title='bbox 1337 827 1484 877; x_wconf 86' lang='lat' dir='ltr'>seria</span> <span class='ocrx_word' id='word_1_69' title='bbox 1500 827 1682 889; x_wconf 86' lang='lat' dir='ltr'>modo,</span> <span class='ocrx_word' id='word_1_70' title='bbox 1700 829 1798 880; x_wconf 90' lang='lat' dir='ltr'>sed</span> <span class='ocrx_word' id='word_1_71' title='bbox 1810 835 1867 879; x_wconf 87' lang='lat' dir='ltr'>et</span> <span class='ocrx_word' id='word_1_72' title='bbox 1882 829 2011 879; x_wconf 89' lang='lat' dir='ltr'>ioca</span> 
     </span>
     <span class='ocr_line' id='line_1_11' title="bbox 443 894 2011 963; baseline -0.001 -17"><span class='ocrx_word' id='word_1_73' title='bbox 443 896 610 963; x_wconf 87' lang='lat' dir='ltr'>digna</span> <span class='ocrx_word' id='word_1_74' title='bbox 638 910 760 946; x_wconf 88' lang='lat' dir='ltr'>esse</span> <span class='ocrx_word' id='word_1_75' title='bbox 798 895 898 956; x_wconf 89' lang='lat' dir='ltr'>ait,</span> <span class='ocrx_word' id='word_1_76' title='bbox 929 908 1064 961; x_wconf 88' lang='lat' dir='ltr'>quae</span> <span class='ocrx_word' id='word_1_77' title='bbox 1094 895 1391 944; x_wconf 87' lang='lat' dir='ltr'>memoriae</span> <span class='ocrx_word' id='word_1_78' title='bbox 1412 894 1871 946; x_wconf 86' lang='lat' dir='ltr'>commendentur.</span> <span class='ocrx_word' id='word_1_79' title='bbox 1936 894 2011 945; x_wconf 87' lang='lat' dir='ltr'>Et</span> 
     </span>
     <span class='ocr_line' id='line_1_12' title="bbox 441 960 2011 1029; baseline -0.001 -17"><span class='ocrx_word' id='word_1_80' title='bbox 441 969 592 1013; x_wconf 80' lang='lat' dir='ltr'>certe</span> <span class='ocrx_word' id='word_1_81' title='bbox 619 962 668 1012; x_wconf 91' lang='lat' dir='ltr'>si</span> <span class='ocrx_word' id='word_1_82' title='bbox 694 963 916 1012; x_wconf 81' lang='lat' dir='ltr'>vascula</span> <span class='ocrx_word' id='word_1_83' title='bbox 949 960 1240 1029; x_wconf 84' lang='lat' dir='ltr'>quaedam,</span> <span class='ocrx_word' id='word_1_84' title='bbox 1282 961 1475 1026; x_wconf 89' lang='lat' dir='ltr'>quibus</span> <span class='ocrx_word' id='word_1_85' title='bbox 1509 960 1593 1010; x_wconf 91' lang='lat' dir='ltr'>illi</span> <span class='ocrx_word' id='word_1_86' title='bbox 1621 963 1703 1010; x_wconf 90' lang='lat' dir='ltr'>usi</span> <span class='ocrx_word' id='word_1_87' title='bbox 1734 967 1912 1024; x_wconf 87' lang='lat' dir='ltr'>erant,</span> <span class='ocrx_word' id='word_1_88' title='bbox 1953 966 2011 1012; x_wconf 91' lang='lat' dir='ltr'>et</span> 
     </span>
     <span class='ocr_line' id='line_1_13' title="bbox 442 1026 2009 1108; baseline -0.001 -29"><span class='ocrx_word' id='word_1_89' title='bbox 442 1030 575 1092; x_wconf 90' lang='lat' dir='ltr'>alia,</span> <span class='ocrx_word' id='word_1_90' title='bbox 605 1043 743 1108; x_wconf 79' lang='lat' dir='ltr'>quae</span> <span class='ocrx_word' id='word_1_91' title='bbox 764 1029 822 1079; x_wconf 91' lang='lat' dir='ltr'>in</span> <span class='ocrx_word' id='word_1_92' title='bbox 847 1043 1035 1079; x_wconf 90' lang='lat' dir='ltr'>eorum</span> <span class='ocrx_word' id='word_1_93' title='bbox 1068 1028 1411 1095; x_wconf 80' lang='lat' dir='ltr'>supellectile</span> <span class='ocrx_word' id='word_1_94' title='bbox 1440 1034 1504 1078; x_wconf 79' lang='lat' dir='ltr'>ac</span> <span class='ocrx_word' id='word_1_95' title='bbox 1530 1027 1745 1078; x_wconf 85' lang='lat' dir='ltr'>frivolis</span> <span class='ocrx_word' id='word_1_96' title='bbox 1771 1026 2009 1091; x_wconf 83' lang='lat' dir='ltr'>fuerant,</span> 
     </span>
     <span class='ocr_line' id='line_1_14' title="bbox 439 1095 2009 1162; baseline -0.002 -14"><span class='ocrx_word' id='word_1_97' title='bbox 439 1103 671 1148; x_wconf 78' lang='lat' dir='ltr'>mortuls</span> <span class='ocrx_word' id='word_1_98' title='bbox 690 1096 843 1162; x_wconf 91' lang='lat' dir='ltr'>ipsis,</span> <span class='ocrx_word' id='word_1_99' title='bbox 867 1095 1094 1161; x_wconf 89' lang='lat' dir='ltr'>cupidos</span> <span class='ocrx_word' id='word_1_100' title='bbox 1132 1102 1368 1146; x_wconf 85' lang='lat' dir='ltr'>emtores</span> <span class='ocrx_word' id='word_1_101' title='bbox 1404 1095 1747 1145; x_wconf 81' lang='lat' dir='ltr'>invenerunt:</span> <span class='ocrx_word' id='word_1_102' title='bbox 1786 1109 2009 1162; x_wconf 89' lang='lat' dir='ltr'>quomo-</span> 
     </span>
     <span class='ocr_line' id='line_1_15' title="bbox 442 1159 2007 1231; baseline -0.003 -16"><span class='ocrx_word' id='word_1_103' title='bbox 442 1165 514 1215; x_wconf 88' lang='lat' dir='ltr'>do</span> <span class='ocrx_word' id='word_1_104' title='bbox 544 1165 821 1215; x_wconf 88' lang='lat' dir='ltr'>lucernam</span> <span class='ocrx_word' id='word_1_105' title='bbox 841 1164 1080 1231; x_wconf 86' lang='lat' dir='ltr'>Epicteti</span> <span class='ocrx_word' id='word_1_106' title='bbox 1105 1162 1257 1214; x_wconf 91' lang='lat' dir='ltr'>mille</span> <span class='ocrx_word' id='word_1_107' title='bbox 1291 1159 1589 1225; x_wconf 82' lang='lat' dir='ltr'>drachmis,</span> <span class='ocrx_word' id='word_1_108' title='bbox 1616 1160 1807 1213; x_wconf 86' lang='lat' dir='ltr'>Protei</span> <span class='ocrx_word' id='word_1_109' title='bbox 1834 1161 2007 1214; x_wconf 88' lang='lat' dir='ltr'>Stoici</span> 
     </span>
     <span class='ocr_line' id='line_1_16' title="bbox 439 1229 2009 1296; baseline -0.001 -16"><span class='ocrx_word' id='word_1_110' title='bbox 439 1230 694 1281; x_wconf 88' lang='lat' dir='ltr'>baculum</span> <span class='ocrx_word' id='word_1_111' title='bbox 721 1230 928 1280; x_wconf 90' lang='lat' dir='ltr'>talento</span> <span class='ocrx_word' id='word_1_112' title='bbox 966 1229 1247 1280; x_wconf 80' lang='lat' dir='ltr'>venditum</span> <span class='ocrx_word' id='word_1_113' title='bbox 1272 1231 1605 1294; x_wconf 86' lang='lat' dir='ltr'>accepimus:</span> <span class='ocrx_word' id='word_1_114' title='bbox 1642 1231 1813 1281; x_wconf 92' lang='lat' dir='ltr'>multo</span> <span class='ocrx_word' id='word_1_115' title='bbox 1832 1229 2009 1296; x_wconf 85' lang='lat' dir='ltr'>magis</span> 
     </span>
     <span class='ocr_line' id='line_1_17' title="bbox 443 1296 2009 1363; baseline 0.001 -17"><span class='ocrx_word' id='word_1_116' title='bbox 443 1310 633 1346; x_wconf 89' lang='lat' dir='ltr'>eorum</span> <span class='ocrx_word' id='word_1_117' title='bbox 653 1296 951 1361; x_wconf 84' lang='lat' dir='ltr'>quamlibet</span> <span class='ocrx_word' id='word_1_118' title='bbox 967 1301 1161 1345; x_wconf 89' lang='lat' dir='ltr'>tenues</span> <span class='ocrx_word' id='word_1_119' title='bbox 1190 1301 1247 1345; x_wconf 94' lang='lat' dir='ltr'>et</span> <span class='ocrx_word' id='word_1_120' title='bbox 1266 1296 1437 1347; x_wconf 81' lang='lat' dir='ltr'>exiles</span> <span class='ocrx_word' id='word_1_121' title='bbox 1468 1297 1733 1362; x_wconf 82' lang='lat' dir='ltr'>epistolae</span> <span class='ocrx_word' id='word_1_122' title='bbox 1754 1298 1809 1346; x_wconf 93' lang='lat' dir='ltr'>in</span> <span class='ocrx_word' id='word_1_123' title='bbox 1831 1298 2009 1363; x_wconf 90' lang='lat' dir='ltr'>pretio</span> 
     </span>
     <span class='ocr_line' id='line_1_18' title="bbox 443 1356 2050 1440; baseline 0 -27"><span class='ocrx_word' id='word_1_124' title='bbox 443 1377 568 1414; x_wconf 85' lang='lat' dir='ltr'>esse</span> <span class='ocrx_word' id='word_1_125' title='bbox 599 1362 814 1413; x_wconf 86' lang='lat' dir='ltr'>debent.</span> <span class='ocrx_word' id='word_1_126' title='bbox 886 1360 995 1413; x_wconf 88' lang='lat' dir='ltr'>Sed</span> <span class='ocrx_word' id='word_1_127' title='bbox 1023 1376 1126 1440; x_wconf 79' lang='lat' dir='ltr'>ego</span> <span class='ocrx_word' id='word_1_128' title='bbox 1158 1356 1294 1412; x_wconf 69' lang='lat' dir='ltr'>ha‘ec</span> <span class='ocrx_word' id='word_1_129' title='bbox 1323 1362 1505 1413; x_wconf 89' lang='lat' dir='ltr'>omnia</span> <span class='ocrx_word' id='word_1_130' title='bbox 1530 1378 1739 1413; x_wconf 90' lang='lat' dir='ltr'>mecum</span> <span class='ocrx_word' id='word_1_131' title='bbox 1776 1364 2010 1429; x_wconf 83' lang='lat' dir='ltr'>agitans,</span> <span class='ocrx_word' id='word_1_132' title='bbox 2042 1384 2050 1391; x_wconf 87' lang='lat'><strong>·</strong></span> 
     </span>
     <span class='ocr_line' id='line_1_19' title="bbox 448 1428 2011 1497; baseline 0.001 -18"><span class='ocrx_word' id='word_1_133' title='bbox 448 1444 666 1479; x_wconf 86' lang='lat' dir='ltr'>causam</span> <span class='ocrx_word' id='word_1_134' title='bbox 700 1434 880 1478; x_wconf 91' lang='lat' dir='ltr'>tamen</span> <span class='ocrx_word' id='word_1_135' title='bbox 912 1442 1155 1494; x_wconf 82' lang='lat' dir='ltr'>reperire</span> <span class='ocrx_word' id='word_1_136' title='bbox 1190 1428 1392 1479; x_wconf 91' lang='lat' dir='ltr'>nullam</span> <span class='ocrx_word' id='word_1_137' title='bbox 1437 1444 1602 1496; x_wconf 90' lang='lat' dir='ltr'>queo,</span> <span class='ocrx_word' id='word_1_138' title='bbox 1641 1444 1736 1478; x_wconf 91' lang='lat' dir='ltr'>cur</span> <span class='ocrx_word' id='word_1_139' title='bbox 1773 1429 2011 1497; x_wconf 86' lang='lat' dir='ltr'>aliquem</span> 
     </span>
     <span class='ocr_line' id='line_1_20' title="bbox 444 1494 2012 1564; baseline 0.001 -17"><span class='ocrx_word' id='word_1_140' title='bbox 444 1495 798 1564; x_wconf 89' lang='lat' dir='ltr'>epistolarum</span> <span class='ocrx_word' id='word_1_141' title='bbox 832 1509 1074 1547; x_wconf 87' lang='lat' dir='ltr'>mearum</span> <span class='ocrx_word' id='word_1_142' title='bbox 1104 1494 1301 1546; x_wconf 87' lang='lat' dir='ltr'>librum</span> <span class='ocrx_word' id='word_1_143' title='bbox 1338 1495 1527 1547; x_wconf 76' lang='lat' dir='ltr'>videre</span> <span class='ocrx_word' id='word_1_144' title='bbox 1563 1496 1719 1548; x_wconf 90' lang='lat' dir='ltr'>multi</span> <span class='ocrx_word' id='word_1_145' title='bbox 1756 1496 1911 1560; x_wconf 87' lang='lat' dir='ltr'>istic,</span> <span class='ocrx_word' id='word_1_146' title='bbox 1948 1503 2012 1548; x_wconf 85' lang='lat' dir='ltr'>ut</span> 
     </span>
     <span class='ocr_line' id='line_1_21' title="bbox 443 1561 2009 1630; baseline 0.001 -15"><span class='ocrx_word' id='word_1_147' title='bbox 443 1563 665 1627; x_wconf 87' lang='lat' dir='ltr'>scribis,</span> <span class='ocrx_word' id='word_1_148' title='bbox 724 1563 992 1630; x_wconf 87' lang='lat' dir='ltr'>elegantis</span> <span class='ocrx_word' id='word_1_149' title='bbox 1046 1563 1257 1630; x_wconf 90' lang='lat' dir='ltr'>ingenii</span> <span class='ocrx_word' id='word_1_150' title='bbox 1310 1561 1556 1615; x_wconf 89' lang='lat' dir='ltr'>homines</span> <span class='ocrx_word' id='word_1_151' title='bbox 1604 1561 2009 1630; x_wconf 84' lang='lat' dir='ltr'>concupiscant.</span> 
     </span>
     <span class='ocr_line' id='line_1_22' title="bbox 443 1629 2009 1697; baseline -0.001 -14"><span class='ocrx_word' id='word_1_152' title='bbox 443 1631 571 1684; x_wconf 79' lang='lat' dir='ltr'>Sive</span> <span class='ocrx_word' id='word_1_153' title='bbox 601 1632 743 1683; x_wconf 89' lang='lat' dir='ltr'>enim</span> <span class='ocrx_word' id='word_1_154' title='bbox 764 1629 992 1682; x_wconf 89' lang='lat' dir='ltr'>Latinas</span> <span class='ocrx_word' id='word_1_155' title='bbox 1017 1629 1231 1681; x_wconf 86' lang='lat' dir='ltr'>litteras</span> <span class='ocrx_word' id='word_1_156' title='bbox 1252 1636 1458 1692; x_wconf 84' lang='lat' dir='ltr'>amant,</span> <span class='ocrx_word' id='word_1_157' title='bbox 1489 1637 1544 1681; x_wconf 87' lang='lat' dir='ltr'>et</span> <span class='ocrx_word' id='word_1_158' title='bbox 1562 1629 1630 1680; x_wconf 89' lang='lat' dir='ltr'>ad</span> <span class='ocrx_word' id='word_1_159' title='bbox 1650 1630 1885 1697; x_wconf 83' lang='lat' dir='ltr'>aliquam</span> <span class='ocrx_word' id='word_1_160' title='bbox 1904 1629 2009 1682; x_wconf 83' lang='lat' dir='ltr'>La-</span> 
     </span>
     <span class='ocr_line' id='line_1_23' title="bbox 439 1695 2010 1766; baseline -0.002 -15"><span class='ocrx_word' id='word_1_161' title='bbox 439 1699 558 1751; x_wconf 87' lang='lat' dir='ltr'>tine</span> <span class='ocrx_word' id='word_1_162' title='bbox 594 1699 869 1750; x_wconf 74' lang='lat' dir='ltr'>sc&#39;ribendi</span> <span class='ocrx_word' id='word_1_163' title='bbox 906 1697 1225 1749; x_wconf 78' lang='lat' dir='ltr'>facultatem</span> <span class='ocrx_word' id='word_1_164' title='bbox 1261 1695 1545 1764; x_wconf 83' lang='lat' dir='ltr'>pervenire</span> <span class='ocrx_word' id='word_1_165' title='bbox 1584 1695 1827 1762; x_wconf 69' lang='lat' dir='ltr'>cupiuntz</span> <span class='ocrx_word' id='word_1_166' title='bbox 1866 1699 2010 1766; x_wconf 89' lang='lat' dir='ltr'>quis-</span> 
     </span>
     <span class='ocr_line' id='line_1_24' title="bbox 441 1762 2009 1834; baseline 0 -19"><span class='ocrx_word' id='word_1_167' title='bbox 441 1781 671 1832; x_wconf 86' lang='lat' dir='ltr'>quamne</span> <span class='ocrx_word' id='word_1_168' title='bbox 693 1773 793 1827; x_wconf 88' lang='lat' dir='ltr'>est,</span> <span class='ocrx_word' id='word_1_169' title='bbox 817 1766 927 1834; x_wconf 89' lang='lat' dir='ltr'>qui,</span> <span class='ocrx_word' id='word_1_170' title='bbox 947 1781 1067 1816; x_wconf 91' lang='lat' dir='ltr'>cum</span> <span class='ocrx_word' id='word_1_171' title='bbox 1077 1771 1294 1816; x_wconf 78' lang='lat' dir='ltr'>exstent</span> <span class='ocrx_word' id='word_1_172' title='bbox 1304 1762 1877 1827; x_wconf 87' lang='lat' dir='ltr'>Ciceronis,Senecae,</span> <span class='ocrx_word' id='word_1_173' title='bbox 1898 1764 2009 1815; x_wconf 88' lang='lat' dir='ltr'>Pli-</span> 
     </span>
     <span class='ocr_line' id='line_1_25' title="bbox 440 1831 2009 1899; baseline 0.001 -17"><span class='ocrx_word' id='word_1_174' title='bbox 440 1834 521 1882; x_wconf 88' lang='lat' dir='ltr'>nii</span> <span class='ocrx_word' id='word_1_175' title='bbox 541 1833 807 1896; x_wconf 89' lang='lat' dir='ltr'>epistolae</span> <span class='ocrx_word' id='word_1_176' title='bbox 821 1869 835 1894; x_wconf 94' lang='lat'>,</span> <span class='ocrx_word' id='word_1_177' title='bbox 863 1848 973 1883; x_wconf 89' lang='lat' dir='ltr'>non</span> <span class='ocrx_word' id='word_1_178' title='bbox 993 1833 1171 1884; x_wconf 89' lang='lat' dir='ltr'>dicam</span> <span class='ocrx_word' id='word_1_179' title='bbox 1191 1845 1260 1884; x_wconf 84' lang='lat' dir='ltr'>ex</span> <span class='ocrx_word' id='word_1_180' title='bbox 1277 1832 1439 1895; x_wconf 72' lang='lat' dir='ltr'>meis,</span> <span class='ocrx_word' id='word_1_181' title='bbox 1466 1831 1564 1883; x_wconf 87' lang='lat' dir='ltr'>sed</span> <span class='ocrx_word' id='word_1_182' title='bbox 1585 1847 1653 1882; x_wconf 79' lang='lat' dir='ltr'>ex</span> <span class='ocrx_word' id='word_1_183' title='bbox 1672 1832 2009 1899; x_wconf 85' lang='lat' dir='ltr'>cujusquam,</span> 
     </span>
     <span class='ocr_line' id='line_1_26' title="bbox 446 1897 2009 1966; baseline 0.001 -18"><span class='ocrx_word' id='word_1_184' title='bbox 446 1899 538 1964; x_wconf 89' lang='lat' dir='ltr'>qui</span> <span class='ocrx_word' id='word_1_185' title='bbox 565 1897 650 1947; x_wconf 88' lang='lat' dir='ltr'>his</span> <span class='ocrx_word' id='word_1_186' title='bbox 678 1898 830 1948; x_wconf 89' lang='lat' dir='ltr'>mille</span> <span class='ocrx_word' id='word_1_187' title='bbox 852 1899 1006 1949; x_wconf 89' lang='lat' dir='ltr'>annis</span> <span class='ocrx_word' id='word_1_188' title='bbox 1036 1901 1267 1962; x_wconf 80' lang='lat' dir='ltr'>vixerit,</span> <span class='ocrx_word' id='word_1_189' title='bbox 1300 1898 1531 1951; x_wconf 89' lang='lat' dir='ltr'>Latinae</span> <span class='ocrx_word' id='word_1_190' title='bbox 1551 1899 1769 1966; x_wconf 85' lang='lat' dir='ltr'>linguae</span> <span class='ocrx_word' id='word_1_191' title='bbox 1808 1905 1903 1950; x_wconf 91' lang='lat' dir='ltr'>aut</span> <span class='ocrx_word' id='word_1_192' title='bbox 1928 1898 2009 1950; x_wconf 90' lang='lat' dir='ltr'>in-</span> 
     </span>
    </p>
   </div>
   <div class='ocr_carea' id='block_1_3' title="bbox 439 1964 2113 2033">
    <p class='ocr_par' dir='ltr' id='par_1_3' title="bbox 439 1964 2113 2033">
     <span class='ocr_line' id='line_1_27' title="bbox 439 1964 2113 2033; baseline 0.002 -18"><span class='ocrx_word' id='word_1_193' title='bbox 439 1964 781 2030; x_wconf 81' lang='lat' dir='ltr'>tegritatem,</span> <span class='ocrx_word' id='word_1_194' title='bbox 815 1972 910 2014; x_wconf 89' lang='lat' dir='ltr'>aut</span> <span class='ocrx_word' id='word_1_195' title='bbox 936 1966 1150 2031; x_wconf 86' lang='lat' dir='ltr'>copiam</span> <span class='ocrx_word' id='word_1_196' title='bbox 1176 1967 1282 2017; x_wconf 90' lang='lat' dir='ltr'>sibi</span> <span class='ocrx_word' id='word_1_197' title='bbox 1311 1967 1598 2033; x_wconf 88' lang='lat' dir='ltr'>petendam</span> <span class='ocrx_word' id='word_1_198' title='bbox 1628 1965 1808 2032; x_wconf 59' lang='lat' dir='ltr'>putet}</span> <span class='ocrx_word' id='word_1_199' title='bbox 1858 1965 2012 2018; x_wconf 87' lang='lat' dir='ltr'>Idem</span> <span class='ocrx_word' id='word_1_200' title='bbox 2103 1979 2113 1999; x_wconf 78' lang='lat'><strong>¹</strong></span> 
     </span>
    </p>
   </div>
   <div class='ocr_carea' id='block_1_4' title="bbox 436 2030 2009 2775">
    <p class='ocr_par' dir='ltr' id='par_1_4' title="bbox 436 2030 2009 2775">
     <span class='ocr_line' id='line_1_28' title="bbox 442 2030 2009 2098; baseline 0.003 -18"><span class='ocrx_word' id='word_1_201' title='bbox 442 2032 607 2081; x_wconf 89' lang='lat' dir='ltr'>etiam</span> <span class='ocrx_word' id='word_1_202' title='bbox 629 2031 695 2082; x_wconf 86' lang='lat' dir='ltr'>de</span> <span class='ocrx_word' id='word_1_203' title='bbox 723 2030 822 2082; x_wconf 93' lang='lat' dir='ltr'>illo</span> <span class='ocrx_word' id='word_1_204' title='bbox 852 2031 1215 2098; x_wconf 88' lang='lat' dir='ltr'>qualicunque</span> <span class='ocrx_word' id='word_1_205' title='bbox 1234 2033 1555 2083; x_wconf 87' lang='lat' dir='ltr'>scribendae</span> <span class='ocrx_word' id='word_1_206' title='bbox 1586 2034 1857 2098; x_wconf 85' lang='lat' dir='ltr'>epistoloe</span> <span class='ocrx_word' id='word_1_207' title='bbox 1878 2035 2009 2086; x_wconf 89' lang='lat' dir='ltr'>arti-</span> 
     </span>
     <span class='ocr_line' id='line_1_29' title="bbox 439 2097 2009 2158; baseline 0.002 -10"><span class='ocrx_word' id='word_1_208' title='bbox 439 2099 565 2149; x_wconf 86' lang='lat' dir='ltr'>ficio</span> <span class='ocrx_word' id='word_1_209' title='bbox 599 2098 845 2148; x_wconf 82' lang='lat' dir='ltr'>dixerim.</span> <span class='ocrx_word' id='word_1_210' title='bbox 917 2097 1062 2158; x_wconf 71' lang='lat' dir='ltr'>Quid</span> <span class='ocrx_word' id='word_1_211' title='bbox 1092 2099 1235 2148; x_wconf 91' lang='lat' dir='ltr'>enim</span> <span class='ocrx_word' id='word_1_212' title='bbox 1283 2105 1378 2148; x_wconf 91' lang='lat' dir='ltr'>aut</span> <span class='ocrx_word' id='word_1_213' title='bbox 1415 2099 1595 2150; x_wconf 91' lang='lat' dir='ltr'>Plinio</span> <span class='ocrx_word' id='word_1_214' title='bbox 1632 2100 1871 2153; x_wconf 87' lang='lat' dir='ltr'>limatius</span> <span class='ocrx_word' id='word_1_215' title='bbox 1914 2107 2009 2152; x_wconf 85' lang='lat' dir='ltr'>aut</span> 
     </span>
     <span class='ocr_line' id='line_1_30' title="bbox 440 2164 2008 2234; baseline 0 -15"><span class='ocrx_word' id='word_1_216' title='bbox 440 2164 652 2220; x_wconf 85' lang='lat' dir='ltr'>Seneca</span> <span class='ocrx_word' id='word_1_217' title='bbox 700 2165 918 2232; x_wconf 87' lang='lat' dir='ltr'>gravius</span> <span class='ocrx_word' id='word_1_218' title='bbox 966 2171 1058 2216; x_wconf 90' lang='lat' dir='ltr'>aut</span> <span class='ocrx_word' id='word_1_219' title='bbox 1088 2165 1355 2216; x_wconf 85' lang='lat' dir='ltr'>Cicerone</span> <span class='ocrx_word' id='word_1_220' title='bbox 1383 2166 1439 2216; x_wconf 91' lang='lat' dir='ltr'>in</span> <span class='ocrx_word' id='word_1_221' title='bbox 1481 2165 1627 2216; x_wconf 89' lang='lat' dir='ltr'>omni</span> <span class='ocrx_word' id='word_1_222' title='bbox 1662 2183 1864 2234; x_wconf 82' lang='lat' dir='ltr'>genere</span> <span class='ocrx_word' id='word_1_223' title='bbox 1924 2181 2008 2218; x_wconf 83' lang='lat' dir='ltr'>er-</span> 
     </span>
     <span class='ocr_line' id='line_1_31' title="bbox 437 2231 2007 2299; baseline 0 -15"><span class='ocrx_word' id='word_1_224' title='bbox 437 2232 638 2285; x_wconf 81' lang='lat' dir='ltr'>fectius</span> <span class='ocrx_word' id='word_1_225' title='bbox 660 2231 839 2299; x_wconf 89' lang='lat' dir='ltr'>optari</span> <span class='ocrx_word' id='word_1_226' title='bbox 856 2231 1070 2298; x_wconf 65' lang='lat' dir='ltr'>potest?</span> <span class='ocrx_word' id='word_1_227' title='bbox 1106 2231 1463 2284; x_wconf 82' lang='lat' dir='ltr'>Gravidamm</span> <span class='ocrx_word' id='word_1_228' title='bbox 1481 2233 1766 2285; x_wconf 90' lang='lat' dir='ltr'>mulierum</span> <span class='ocrx_word' id='word_1_229' title='bbox 1784 2249 1903 2284; x_wconf 88' lang='lat' dir='ltr'>mor</span> <span class='ocrx_word' id='word_1_230' title='bbox 1941 2250 2007 2284; x_wconf 87' lang='lat' dir='ltr'>us</span> 
     </span>
     <span class='ocr_line' id='line_1_32' title="bbox 436 2298 2005 2368; baseline -0.001 -17"><span class='ocrx_word' id='word_1_231' title='bbox 436 2301 534 2351; x_wconf 90' lang='lat' dir='ltr'>ille</span> <span class='ocrx_word' id='word_1_232' title='bbox 555 2300 748 2362; x_wconf 89' lang='lat' dir='ltr'>fuerit,</span> <span class='ocrx_word' id='word_1_233' title='bbox 778 2313 942 2368; x_wconf 90' lang='lat' dir='ltr'>quae,</span> <span class='ocrx_word' id='word_1_234' title='bbox 963 2298 1233 2366; x_wconf 82' lang='lat' dir='ltr'>neglectis</span> <span class='ocrx_word' id='word_1_235' title='bbox 1252 2298 1412 2350; x_wconf 90' lang='lat' dir='ltr'>bonis</span> <span class='ocrx_word' id='word_1_236' title='bbox 1432 2315 1497 2350; x_wconf 87' lang='lat' dir='ltr'>ac</span> <span class='ocrx_word' id='word_1_237' title='bbox 1516 2300 1823 2351; x_wconf 76' lang='lat' dir='ltr'>salubribus</span> <span class='ocrx_word' id='word_1_238' title='bbox 1848 2299 2005 2363; x_wconf 85' lang='lat' dir='ltr'>cibis,</span> 
     </span>
     <span class='ocr_line' id='line_1_33' title="bbox 439 2364 2005 2434; baseline 0 -16"><span class='ocrx_word' id='word_1_239' title='bbox 439 2368 622 2418; x_wconf 86' lang='lat' dir='ltr'>cinere</span> <span class='ocrx_word' id='word_1_240' title='bbox 649 2382 709 2418; x_wconf 91' lang='lat' dir='ltr'>se</span> <span class='ocrx_word' id='word_1_241' title='bbox 737 2381 1115 2434; x_wconf 88' lang='lat' dir='ltr'>nonnunquam</span> <span class='ocrx_word' id='word_1_242' title='bbox 1155 2373 1211 2417; x_wconf 90' lang='lat' dir='ltr'>et</span> <span class='ocrx_word' id='word_1_243' title='bbox 1248 2367 1572 2419; x_wconf 87' lang='lat' dir='ltr'>carbonibus</span> <span class='ocrx_word' id='word_1_244' title='bbox 1610 2372 1853 2434; x_wconf 86' lang='lat' dir='ltr'>pascunt.</span> <span class='ocrx_word' id='word_1_245' title='bbox 1921 2364 2005 2418; x_wconf 91' lang='lat' dir='ltr'>Ne</span> 
     </span>
     <span class='ocr_line' id='line_1_34' title="bbox 440 2433 2003 2501; baseline 0 -17"><span class='ocrx_word' id='word_1_246' title='bbox 440 2449 530 2485; x_wconf 88' lang='lat' dir='ltr'>res</span> <span class='ocrx_word' id='word_1_247' title='bbox 561 2433 778 2501; x_wconf 84' lang='lat' dir='ltr'>quidem</span> <span class='ocrx_word' id='word_1_248' title='bbox 809 2433 962 2500; x_wconf 84' lang='lat' dir='ltr'>ipsae</span> <span class='ocrx_word' id='word_1_249' title='bbox 996 2434 1269 2485; x_wconf 89' lang='lat' dir='ltr'>adducere</span> <span class='ocrx_word' id='word_1_250' title='bbox 1297 2441 1391 2485; x_wconf 90' lang='lat' dir='ltr'>aut</span> <span class='ocrx_word' id='word_1_251' title='bbox 1424 2436 1655 2486; x_wconf 82' lang='lat' dir='ltr'>invitare</span> <span class='ocrx_word' id='word_1_252' title='bbox 1682 2445 1841 2499; x_wconf 88' lang='lat' dir='ltr'>quem</span> <span class='ocrx_word' id='word_1_253' title='bbox 1880 2447 2003 2484; x_wconf 82' lang='lat' dir='ltr'>uam</span> 
     </span>
     <span class='ocr_line' id='line_1_35' title="bbox 437 2447 2003 2570; baseline 0 -18"><span class='ocrx_word' id='word_1_254' title='bbox 437 2507 670 2570; x_wconf 86' lang='lat' dir='ltr'>possunt</span> <span class='ocrx_word' id='word_1_255' title='bbox 695 2502 764 2552; x_wconf 87' lang='lat' dir='ltr'>ad</span> <span class='ocrx_word' id='word_1_256' title='bbox 791 2500 1053 2568; x_wconf 88' lang='lat' dir='ltr'>epistolas</span> <span class='ocrx_word' id='word_1_257' title='bbox 1078 2517 1229 2554; x_wconf 87' lang='lat' dir='ltr'>meas</span> <span class='ocrx_word' id='word_1_258' title='bbox 1258 2503 1452 2569; x_wconf 89' lang='lat' dir='ltr'>cupide</span> <span class='ocrx_word' id='word_1_259' title='bbox 1473 2501 1753 2570; x_wconf 84' lang='lat' dir='ltr'>legendas.</span> <span class='ocrx_word' id='word_1_260' title='bbox 1819 2447 2003 2552; x_wconf 51' lang='lat' dir='ltr'>lffomo</span> 
     </span>
     <span class='ocr_line' id='line_1_36' title="bbox 441 2569 2006 2636; baseline -0.002 -14"><span class='ocrx_word' id='word_1_261' title='bbox 441 2570 583 2622; x_wconf 88' lang='lat' dir='ltr'>enim</span> <span class='ocrx_word' id='word_1_262' title='bbox 610 2569 878 2636; x_wconf 84' lang='lat' dir='ltr'>privatus,</span> <span class='ocrx_word' id='word_1_263' title='bbox 908 2569 1000 2636; x_wconf 89' lang='lat' dir='ltr'>qui</span> <span class='ocrx_word' id='word_1_264' title='bbox 1026 2570 1106 2621; x_wconf 89' lang='lat' dir='ltr'>ita</span> <span class='ocrx_word' id='word_1_265' title='bbox 1131 2571 1188 2621; x_wconf 92' lang='lat' dir='ltr'>in</span> <span class='ocrx_word' id='word_1_266' title='bbox 1216 2570 1369 2622; x_wconf 89' lang='lat' dir='ltr'>libris</span> <span class='ocrx_word' id='word_1_267' title='bbox 1395 2586 1459 2622; x_wconf 88' lang='lat' dir='ltr'>ac</span> <span class='ocrx_word' id='word_1_268' title='bbox 1478 2569 1677 2622; x_wconf 78' lang='lat' dir='ltr'>litteris</span> <span class='ocrx_word' id='word_1_269' title='bbox 1709 2581 2006 2620; x_wconf 84' lang='lat' dir='ltr'>consenue-</span> 
     </span>
     <span class='ocr_line' id='line_1_37' title="bbox 439 2635 2004 2706; baseline -0.001 -17"><span class='ocrx_word' id='word_1_270' title='bbox 439 2639 570 2700; x_wconf 88' lang='lat' dir='ltr'>rim,</span> <span class='ocrx_word' id='word_1_271' title='bbox 610 2637 814 2689; x_wconf 90' lang='lat' dir='ltr'>nullam</span> <span class='ocrx_word' id='word_1_272' title='bbox 852 2643 912 2688; x_wconf 89' lang='lat' dir='ltr'>ut</span> <span class='ocrx_word' id='word_1_273' title='bbox 946 2653 1181 2706; x_wconf 89' lang='lat' dir='ltr'>unquam</span> <span class='ocrx_word' id='word_1_274' title='bbox 1216 2639 1492 2706; x_wconf 85' lang='lat' dir='ltr'>attigerim</span> <span class='ocrx_word' id='word_1_275' title='bbox 1527 2635 1757 2701; x_wconf 86' lang='lat' dir='ltr'>reipubl.</span> <span class='ocrx_word' id='word_1_276' title='bbox 1778 2641 2004 2703; x_wconf 89' lang='lat' dir='ltr'>partem,</span> 
     </span>
     <span class='ocr_line' id='line_1_38' title="bbox 440 2703 2009 2775; baseline -0.003 -16"><span class='ocrx_word' id='word_1_277' title='bbox 440 2706 645 2760; x_wconf 89' lang='lat' dir='ltr'>nullam</span> <span class='ocrx_word' id='word_1_278' title='bbox 671 2719 905 2775; x_wconf 89' lang='lat' dir='ltr'>unquam</span> <span class='ocrx_word' id='word_1_279' title='bbox 931 2708 1219 2766; x_wconf 71' lang='lat' dir='ltr'>epistolam</span> <span class='ocrx_word' id='word_1_280' title='bbox 1244 2706 1467 2774; x_wconf 82' lang='lat' dir='ltr'>scripsi,</span> <span class='ocrx_word' id='word_1_281' title='bbox 1497 2703 1605 2756; x_wconf 89' lang='lat' dir='ltr'>nisi</span> <span class='ocrx_word' id='word_1_282' title='bbox 1632 2718 1769 2771; x_wconf 79' lang='lat' dir='ltr'>quae</span> <span class='ocrx_word' id='word_1_283' title='bbox 1798 2703 1866 2755; x_wconf 90' lang='lat' dir='ltr'>ad</span> <span class='ocrx_word' id='word_1_284' title='bbox 1884 2717 2009 2756; x_wconf 88' lang='lat' dir='ltr'>mea</span> 
     </span>
    </p>
   </div>
  </div>
 </body>
</html>
