2275 3025
430 144 689 198 EPIST.
728 144 882 196 LIB.
920 144 1029 196 111.
1068 145 1192 196 ΕΡ.
1229 143 1448 196 XXIV.
1487 146 1677 200 XXV.
1780 149 1881 202 237

282 251 339 299 et
356 247 721 313 optatissimis
742 245 1089 296 sermonibus
1114 244 1348 295 duorum
1365 243 1535 310 longe
1555 245 1687 296 mihi
1711 251 1879 300 caris·

282 314 544 364 simorum
577 313 835 378 capitum.
906 311 981 362 Et
1005 326 1170 377 spero
1197 325 1299 362 vos
1327 325 1438 360 non
1464 313 1546 361 ita
1581 321 1878 380 occupatos

283 379 433 438 fore,
455 385 516 428 ut
534 393 645 428 non
668 377 993 442 saepissime
1022 375 1183 427 nobis
1214 392 1324 427 una
1354 391 1479 427 esse
1508 378 1691 428 liceat.
1763 379 1904 432 Iam'

285 460 427 495 nunc
454 445 738 509 praecipio
766 448 949 493 mente
979 441 1043 493 a‘c
1070 444 1416 510 cogitatione
1447 443 1882 497 collocutionum

285 517 598 562 nostrarum
632 509 979 560 suavitatem.
1048 511 1270 560 Interea
1302 510 1452 577 quod
1492 511 1710 560 unicum
1745 510 1881 562 mihi

285 577 559 643 reliquum
596 581 732 627 erat.
759 576 1065 641 exemplum
1100 577 1291 624 snm-ov
1323 579 1420 622 τοῦ
1451 577 1581 640 ἐμοῦ
1613 577 1878 643 λογαρίου,

286 643 355 693 ad
374 657 477 692 vos
495 642 675 692 mitto.
747 641 1079 708 Propediem
1101 642 1401 707 prodibunt
1422 657 1492 692 ex
1509 642 1881 696 AldiManutii

289 708 509 759 officina
537 708 820 757 orationes
854 723 1044 759 omnes
1071 722 1254 769 meae,
1288 708 1346 758 in
1370 708 1568 773 quibus
1590 708 1728 760 haec
1747 725 1880 777 quo-

288 788 411 840 que.
483 773 709 824 lnerunt
735 779 792 824 et
822 776 1099 842 poematia
1118 774 1386 841 quaedam
1416 790 1524 825 non
1553 777 1738 842 magni
1762 790 1883 841 pre·

286 841 383 902 tii,
410 841 511 890 sed
536 854 679 906 quae
702 846 890 891 tamen
912 842 1148 892 mirifico
1183 857 1216 890 a
1234 841 1561 907 quibusdam
1582 842 1768 893 studio
1792 857 1883 893 ex·

285 912 563 973 petuntur.
634 905 775 957 Mihi
796 907 991 966 crede,
1028 908 1260 959 Sacrate
1288 908 1394 968 mi,
1426 907 1620 957 ludere
1653 907 1785 958 mihi
1805 908 1884 958 vi-

288 974 489 1025 dentur
517 971 767 1024 homines
788 1009 803 1034 ‚
842 989 964 1024 cum
1002 989 1127 1024 mea
1157 976 1336 1024 istaec
1373 980 1430 1022 et
1454 973 1682 1024 laudant
1710 980 1766 1024 et
1799 987 1883 1024 re·

288 1039 535 1106 quirunt:
578 1053 718 1105 quae
762 1053 868 1105 ego
908 1053 1019 1106 quo
1056 1055 1146 1090 ma
1187 1041 1236 1090 is
1274 1040 1530 1104 inspicio,
1577 1053 1646 1090 eo
1685 1041 1882 1106 magis,

289 1120 450 1172 quam
491 1104 653 1155 nihili
690 1107 817 1165 sint,
860 1105 1060 1156 sentio.
1189 1119 1274 1154 am
1312 1111 1374 1155 ut
1402 1105 1613 1170 aliquid
1642 1104 1885 1156 fortasse

286 1173 487 1232 simus,
525 1173 574 1221 si
600 1186 723 1221 cum
750 1171 1073 1236 quibusdam
1102 1171 1428 1237 aequalibus
1456 1172 1663 1222 nostris
1695 1170 1883 1222 confe-

284 1252 496 1288 ramur:
519 1243 576 1287 at
601 1243 779 1298 certe,
810 1238 859 1287 si
888 1239 1011 1305 quis
1042 1253 1164 1289 cum
1188 1237 1516 1304 antiquitate
1542 1252 1642 1288 nos
1666 1253 1884 1303 compa·

290 1310 392 1366 ret,
413 1304 674 1354 iacemus.
745 1304 908 1364 Vale,
931 1311 1026 1355 aut
1036 1305 1226 1422 getius
1249 1305 1408 1354 ambo
1423 1304 1625 1367 valete,
1643 1303 1884 1372 quando,

288 1379 351 1422 ut
390 1385 497 1437 ego
536 1386 635 1438 pro
675 1370 918 1424 indiviso
950 1387 1033 1422 am
1079 1385 1238 1422 orum
1277 1372 1582 1422 communis
1620 1385 1766 1434 sum,
1806 1372 1888 1422 ita

290 1433 427 1488 haec
454 1439 695 1503 epistola
719 1439 1006 1504 utriusque
1038 1438 1341 1489 communis
1376 1437 1564 1488 futura
1596 1445 1698 1490 est.
1777 1437 1886 1489 Ro-

289 1519 428 1556 mae.
452 1520 559 1557 xn.
579 1504 705 1555 Kal.
726 1503 921 1557 Sextil.
944 1521 1236 1557 uonxxtv.

886 1678 1295 1690 ——1—--

690 1799 880 1850 XXV.
918 1806 1135 1849 mnan
1177 1810 1492 1851 sscnaro.

362 1865 547 1951 Nunc
574 1900 754 1967 ipsum
786 1899 975 1964 accepi
1008 1898 1282 1963 prandens
1302 1897 1459 1949 binas
1479 1900 1549 1950 ad
1568 1914 1656 1951 me
1673 1899 1892 1951 litteras

295 1973 449 2029 tuas,
476 1967 534 2017 in
564 1966 797 2018 eundem
819 1981 853 2017 a
870 1971 925 2017 te
946 1963 1270 2015 fasciculum
1295 1966 1602 2027 coniectas,
1635 1972 1692 2017 et
1718 1983 1792 2017 nu
1832 1981 1896 2016 er

297 2033 467 2085 etiam
506 2033 645 2083 alias
686 2032 948 2099 quasdam
983 2037 1111 2082 tuas
1149 2046 1470 2097 acceperam
1489 2070 1502 2095 ,
1553 2033 1654 2083 sed
1695 2034 1787 2099 qui
1829 2048 1892 2083 us

296 2099 451 2150 aliud
472 2098 610 2149 nihil
633 2102 1026 2160 contineretur,
1041 2113 1222 2164 quam,
1235 2098 1382 2164 quod
1397 2114 1506 2166 ego
1517 2099 1892 2163 maximopere

298 2167 449 2217 scire
470 2164 774 2231 cupiebam,
796 2172 852 2216 te
869 2166 1017 2216 istuc
1036 2166 1248 2216 salvum
1261 2166 1704 2231 incolumemque
1718 2165 1894 2215 venis·

299 2246 380 2294 ee,
406 2238 463 2281 et
484 2234 937 2283 commemoratio
959 2230 1228 2301 quaedam
1250 2238 1508 2283 accurata
1531 2244 1894 2295 eorum,quae

295 2305 364 2349 tu
379 2298 485 2350 tibi
504 2312 591 2349 me
612 2298 959 2364 praestitisse
976 2334 991 2360 ,
1014 2312 1134 2348 cum
1170 2295 1261 2348 hic
1296 2311 1454 2349 esses
1472 2334 1486 2359 ,
1521 2296 1892 2363 praedicaras.

293 2364 421 2432 Ego
450 2372 664 2427 autem,
705 2364 933 2416 Sacrate
958 2364 1034 2413 mi
1062 2364 1269 2430 optime
1297 2370 1354 2413 et
1392 2362 1810 2425 humanissime,
1845 2362 1895 2411 si

296 2446 524 2499 negem,
554 2446 643 2482 me
675 2431 1031 2496 cupidissime
1069 2430 1378 2496 quaesiisse
1411 2430 1762 2481 occasionem
1797 2428 1895 2479 ali-

296 2513 461 2565 quam
486 2497 807 2549 declarandi
828 2496 934 2546 tibi
961 2496 1180 2547 mirifici
1213 2496 1496 2547 cuiusdam
1524 2498 1730 2547 amoris
1760 2508 1897 2561 erga

292 2572 355 2614 te
376 2565 504 2627 mei,
524 2565 777 2617 mentiar.
850 2563 1015 2613 Certe
1038 2563 1184 2613 enim
1208 2568 1267 2612 et
1297 2576 1419 2612 amo
1440 2568 1497 2612 te
1519 2563 1893 2629 singulariter,

296 2634 357 2683 et
374 2628 557 2683 meum
576 2646 712 2697 erga
728 2636 785 2682 te
806 2629 1051 2682 studium
1072 2628 1174 2680 tibi
1192 2628 1541 2679 notissimum
1562 2643 1686 2681 esse
1709 2627 1894 2693 cupio·
