2275 3025
566 190 821 243 EPIST.
860 188 1013 239 LlB.
1051 188 1092 238 1.
1130 188 1253 239 ΕΡ.
1286 186 1383 237 Ll.
1418 187 1546 239 LII.
1782 190 1851 243 83

271 299 394 347 tens
439 307 506 345 eo
535 298 591 343 te
627 298 839 342 tantum
865 294 1038 349 amat,
1082 290 1211 353 quia
1236 287 1459 355 dignum
1482 290 1715 353 iudicat,
1757 294 1851 359 qui

271 362 487 413 ameris.
561 358 723 419 Quod
742 357 816 406 M.
838 357 1130 405 Antonium
1152 354 1419 405 Bizonum
1447 358 1731 423 potissime
1760 360 1851 409 de-

273 429 487 495 legisti,
521 425 592 476 ad
613 437 774 490 quem
794 422 990 483 itares,
1013 421 1101 471 cui
1120 421 1375 472 crederes
1389 458 1405 484 ,
1428 424 1518 474 cui
1536 430 1592 474 te
1614 424 1669 474 in
1692 424 1851 477 disci·

272 496 478 562 plinam
494 494 680 543 daresz
718 486 1071 539 vehementer
1088 493 1167 551 te,
1186 489 1261 539 mi
1279 490 1323 538 Α
1364 496 1551 556 apete,
1586 490 1773 552 laudo,
1795 500 1851 544 et

271 568 334 612 ut
354 576 478 611 eum
500 554 821 617 assecteris,
859 568 928 606 ex
950 555 1066 605 eius
1088 570 1187 606 ore
1206 570 1309 621 pen
1353 571 1474 619 eas,
1510 557 1629 624 eius
1652 558 1852 610 doctri·

271 644 399 684 nam
418 622 736 674 avidissime
763 621 1066 684 combibas,
1106 622 1334 674 suadeo.
1406 624 1580 691 Spero
1610 638 1695 677 me
1724 624 1853 676 istic

273 694 398 745 fore
419 694 546 739 ante
566 686 840 742 Kalendas
879 688 1251 757 Septembrem
1289 696 1346 742 et
1379 697 1441 741 ut
1460 692 1587 753 sim,
1630 706 1851 756 operam

278 759 454 817 dabo;
477 769 544 805 eo
565 755 763 835 magis,
785 756 914 825 quia
929 763 986 809 te
1004 756 1195 809 videre
1214 758 1483 825 discupio.
1554 757 1639 809 De
1668 759 1852 812 Maca·

277 836 415 874 rano
436 836 577 884 meo,
597 830 690 891 qui
708 821 837 874 mihi
856 831 1120 890 perpetuo
1144 831 1271 875 ante
1295 826 1489 877 oculos
1510 824 1851 888 obversatur,

279 903 512 956 quaeso,
530 889 572 939 Λ
613 896 772 955 apete
784 892 876 953 mi,
897 893 945 942 si
956 888 1283 957 quidhabcs‚
1304 892 1449 957 quod
1464 906 1550 943 me
1560 891 1851 955 exhilaret,

280 955 474 1006 scribe.
594 958 744 1010 ivere
773 958 894 1023 ipse
921 956 1056 1008 mihi
1083 972 1194 1009 non
1224 958 1445 1021 videor,
1480 960 1657 1011 donec
1685 962 1852 1011 vitam

277 1023 447 1089 ipsius
477 1023 534 1073 in
556 1028 678 1074 tuto
705 1038 830 1074 esse
859 1038 1191 1090 cognovero.
1263 1024 1453 1075 Nolito
1488 1040 1654 1092 aegre
1686 1026 1853 1089 ferre,

277 1090 420 1156 quod
443 1091 638 1141 dicam.
707 1089 866 1140 Illum
887 1106 1048 1140 unum
1068 1090 1191 1156 plus
1211 1105 1362 1154 amo,
1404 1106 1565 1159 quam
1584 1098 1663 1145 te:
1702 1098 1757 1144 et
1784 1108 1849 1143 ne

274 1154 384 1207 hoc
403 1156 508 1208 tibi
536 1157 730 1207 durum
751 1156 1030 1219 videatur,
1064 1164 1122 1207 te
1157 1171 1190 1206 a
1207 1172 1293 1208 me
1320 1157 1850 1224 proximum,habeo,

274 1223 432 1275 illum
467 1237 644 1289 aeque
679 1237 802 1273 amo
830 1238 896 1273 ac
912 1229 1119 1275 memet.
1133 1223 1328 1290 ipsum.
1400 1224 1557 1277 Vale.
1627 1226 1849 1279 Tibure.

218 1310 226 1318 ’
277 1304 368 1343 m.
388 1288 532 1342 Non.
548 1290 798 1357 Augusti.
817 1304 1128 1341 nnnxxvu.

715 1525 843 1578 LII.
883 1539 1098 1579 murm
1134 1541 1406 1580 otnero.

339 1593 482 1680 Vix
501 1643 668 1680 ausus
687 1643 866 1680 essem
885 1643 920 1678 a
934 1633 992 1679 te
1050 1629 1295 1680 ostulare
1308 1665 1323 1691 ,
1361 1635 1422 1681 ut
1454 1629 1525 1680 ad
1541 1643 1627 1679 me
1650 1629 1847 1681 Latine

273 1697 570 1759 scriberes;
610 1697 838 1757 veritus,
877 1697 984 1745 nei
1049 1695 1153 1746 tibi
1177 1696 1378 1762 oppido
1401 1695 1622 1747 difficile
1642 1695 1851 1747 videre-

272 1772 380 1815 tur.
452 1763 573 1824 Quo
593 1761 728 1814 mihi
749 1761 1023 1828 gratiores
1043 1759 1267 1813 fuerunt
1286 1776 1385 1814 eae
1406 1762 1645 1826 litterae,
1666 1776 1801 1830 quas
1821 1777 1855 1814 a

273 1837 330 1881 te
360 1828 556 1882 Latine
597 1832 832 1895 scriptas
869 1843 1043 1894 nuper
1079 1829 1291 1895 accepi=
1330 1843 1441 1882 non
1464 1829 1618 1886 illae·
1633 1830 1852 1898 quidem

276 1897 422 1948 omni
443 1911 512 1948 ex
529 1901 684 1962 parte
704 1893 1052 1957 emendatae,
1090 1897 1263 1948 multo
1283 1902 1466 1950 tamen
1485 1887 1777 1950 nitidiores
1798 1906 1854 1950 et

275 1963 558 2026 cultiores,
579 1978 739 2030 quam
763 1961 1138 2014 credidissem.
1180 1963 1373 2031 ltaque
1391 1965 1532 2016 bene
1551 1971 1609 2018 te
1629 1980 1851 2034 sperare

273 2031 460 2093 iubeo,
482 2045 550 2081 ne
591 2045 660 2082 ue
682 2029 960 2091 dubitare,
1000 2032 1128 2096 quin
1150 2031 1441 2099 aliquando
1472 2033 1611 2086 duce
1632 2049 1718 2086 me
1756 2034 1853 2084 ali-

274 2112 436 2166 quam
465 2099 540 2148 sis
608 2098 728 2149 uius
757 2111 978 2164 quoque
1016 2100 1237 2164 generis
1256 2098 1577 2155 facultatem
1592 2115 1851 2152 consecu-

273 2173 446 2216 turus.
513 2165 790 2216 Adventus
817 2163 924 2216 huc
948 2169 1074 2216 tuus
1141 2181 1265 2216 uam
1297 2165 1430 2218 mihi
1450 2173 1670 2234 optatus
1691 2181 1757 2217 ac
1774 2167 1855 2215 iu-

273 2233 483 2283 cundus
522 2230 738 2282 futurus
774 2231 968 2293 fuerit,
1006 2229 1118 2282 nihi
1182 2247 1408 2286 necesse
1438 2241 1526 2286 est
1564 2235 1851 2284 affirmare.

275 2297 422 2351 Satis
463 2299 631 2360 enim,
669 2305 731 2349 ut
752 2300 974 2364 opinor,
1011 2300 1159 2349 nosti
1190 2298 1616 2367 magnitudinem
1648 2299 1851 2348 amoris

273 2381 410 2432 erga
433 2370 490 2415 te
516 2365 644 2416 mei.
715 2363 826 2416 Sed
851 2365 933 2415 ita
956 2365 1160 2416 multos
1186 2365 1275 2418 hic
1312 2367 1722 2427 adolescentes,
1761 2367 1855 2431 qui

271 2433 446 2484 Roma
465 2437 760 2493 venerunt,
798 2436 1088 2500 aegrotare
1108 2433 1307 2498 video,
1328 2439 1390 2483 ut
1406 2432 1615 2482 veritus
1633 2432 1762 2494 sim,
1783 2448 1851 2483 ne

276 2499 408 2567 quid
424 2499 527 2550 tibi
547 2500 657 2548 ista
676 2496 784 2549 hoc
801 2504 1048 2565 tempore
1079 2500 1220 2550 caeli
1249 2498 1601 2550 commutatio
1622 2500 1853 2564 periculi

277 2565 520 2617 afferret.
573 2565 693 2632 Ego
719 2571 844 2616 ante
867 2579 1066 2615 nonum
1085 2565 1210 2616 Kal.
1234 2564 1509 2629 Septemb.
1530 2579 1692 2630 spero
1711 2564 1854 2624 fore,

241 2643 338 2684 eut
357 2649 466 2684 non
487 2630 626 2684 nihil
647 2632 928 2683 remittant
949 2632 1184 2682 calores.
1254 2631 1407 2679 Tunc
1428 2630 1444 2678 i
1490 2630 1615 2690 itur,
1636 2631 1682 2678 si
1702 2629 1853 2676 Deus

278 2700 462 2763 volet,
499 2713 783 2752 excurram
818 2699 991 2757 istuc.
1039 2697 1269 2761 cupidus
1286 2696 1461 2807 viderFi=
1489 2696 1529 2805 ὶ2
1544 2694 1649 2778 tui:
1687 2699 1855 2753 teque
