2275 3025
483 152 745 204 Epls'r.
781 151 1117 204 AUCTAR.
1153 151 1272 202 ΕΡ.
1308 150 1471 200 xix.
1511 149 1640 202 XX..
1780 143 1885 198 337

285 254 505 305 Etenim
520 289 536 315 ‚
575 251 915 313 mihicrede,
955 257 1071 302 tum
1092 255 1154 301 tu
1174 250 1411 316 denique
1433 249 1532 300 tibi
1555 249 1880 316 placuisses,

284 322 333 371 si
358 321 599 387 legisses
626 334 777 380 mea3
817 324 881 368 ut
911 317 1309 384 propemodum
1339 317 1572 382 gratiam
1595 313 1885 365 habiturus

285 385 485 437 fuerim
505 387 590 435 illi
606 421 622 445 ,
667 387 762 450 qui
782 399 849 434 ea
868 384 1202 445 intervertit,
1233 384 1336 432 nisi
1361 383 1534 432 multo
1556 395 1641 430 me
1663 381 1880 431 mallem

282 452 485 504 malum
515 455 763 517 poetam,
802 465 965 517 quam
996 451 1052 500 in
1086 449 1466 500 conservanda
1496 446 1774 503 hominum
1799 448 1880 497 tui

282 519 546 569 similium
568 517 815 570 amicitia
833 531 1024 583 parum
1047 516 1144 567 dili
1190 523 1384 574 entem„
1398 514 1592 564 videri.
1662 512 1821 563 Nunc
1847 528 1881 565 a

279 590 337 635 te
357 591 489 650 peto
511 597 859 650 quaesoque3
899 590 979 646 ut,
1019 584 1069 633 si
1092 585 1165 633 mi
1210 582 1395 634 iforte
1425 577 1661 632 antehac
1687 580 1880 630 nonni·

282 649 359 700 hil
382 651 452 700 ob
475 665 595 700 eam
618 664 735 699 rem
756 651 1146 711 succensuisti,
1161 664 1270 699 non
1291 650 1469 699 minus
1490 654 1547 699 te
1567 645 1789 697 facilem
1811 645 1879 695 ad

280 715 663 782 deponendam
723 731 885 782 quam
938 715 1007 766 ad
1068 715 1446 783 accipiendam
1513 712 1878 764 offensionem

316 782 566 843 raebeas,
606 783 819 864 tibique
856 783 1214 848 persuadeas,
1255 782 1394 834 tanti
1431 796 1465 832 a
1506 795 1594 831 me
1632 785 1782 844 tuam
1820 785 1879 828 et

329 850 436 900 ucii
457 848 648 899 fratris
668 855 775 908 tui,
816 848 1056 900 hominis
1084 850 1357 916 singulari
1376 848 1611 915 quadam
1632 845 1878 897 humani-

277 920 395 965 tate
414 915 673 980 praediti,
696 916 993 966 amicitiam
1016 913 1157 978 fieri,
1180 915 1369 983 quanti
1393 919 1450 965 et
1469 921 1657 964 vestra
1673 913 1878 964 utrius-

277 997 385 1048 que
406 982 649 1049 dignitas
672 989 729 1033 et
746 988 845 1032 tua
864 979 1002 1048 erga
1019 997 1107 1032 me
1127 983 1324 1033 merita
1345 981 1643 1047 postulant.
1713 980 1776 1031 ld
1801 984 1878 1029 et·

278 1049 328 1099 si
366 1048 654 1113 spe-rabam
692 1063 780 1098 me
809 1064 844 1099 a
868 1055 926 1098 te
966 1063 1077 1098 non
1116 1049 1416 1099 difficulter
1440 1049 1878 1113 impetraturum,

168 1110 175 1122 “
275 1121 461 1165 tamen
522 1117 615 1166 uia
632 1129 703 1165 ex
720 1115 1029 1176 Homero*)
1050 1114 1373 1175 didiceram,
1396 1113 1644 1164 offensos
1665 1111 1880 1162 animos

276 1187 393 1233 tum
414 1195 513 1231 ver
550 1183 598 1230 is
618 1187 731 1231 tum
751 1181 1069 1234 muneribus
1090 1179 1602 1248 mitigari,iudicavi
1617 1193 1726 1229 non
1748 1179 1880 1229 alie-

278 1262 407 1298 num
447 1246 597 1309 fore,
636 1248 685 1297 si
724 1247 794 1298 ad
835 1255 892 1298 te
922 1248 1306 1299 munusculum
1331 1247 1559 1314 aliquod
1585 1247 1880 1298 mitterem.

277 1313 446 1366 Mitto
468 1314 642 1381 igitur
657 1321 773 1364 tres
795 1316 1079 1366 orationes
1098 1327 1268 1378 meas,
1280 1314 1416 1365 duas
1438 1315 1670 1365 duorum
1690 1327 1883 1380 regum

282 1381 508 1432 nomine
540 1381 608 1432 ad
634 1380 791 1432 Pium
821 1380 917 1433 lv.
944 1381 1005 1448 Β).
1028 1381 1103 1431 Μ.
1134 1380 1518 1450 superioribus
1548 1381 1709 1432 annis
1730 1379 1882 1432 habi-

278 1455 389 1508 tas,
410 1448 631 1498 tertiam
655 1446 799 1499 haud
819 1448 899 1499 ita
917 1448 1131 1516 pridem
1149 1485 1163 1511 ,
1187 1465 1308 1500 cum
1331 1448 1579 1500 eiusdem
1603 1449 1798 1515 optimi
1818 1463 1882 1497 ac

280 1516 617 1567 sanctissimi
642 1515 933 1567 Pontificis
952 1517 1109 1567 iussu
1126 1517 1448 1568 Aristotelis
1469 1516 1645 1566 libros
1674 1516 1746 1566 de
1765 1516 1880 1566 mo'·

278 1581 435 1632 ribus
477 1581 548 1634 ad
574 1581 971 1635 Nicomachum
1009 1583 1312 1649 inciperem
1350 1582 1572 1649 publice
1612 1582 1882 1647 interpre-

279 1648 495 1711 tari.**)
563 1649 675 1698 Eas
711 1655 774 1699 tu
810 1655 1103 1715 postquam
1140 1649 1195 1698 le
1238 1650 1376 1709 eris,
1421 1662 1544 1698 cum
1581 1647 1879 1697 Vincentio

276 1713 473 1764 Modio
520 1719 577 1763 et
612 1729 735 1763 cum
776 1713 856 1763 lo.
898 1713 1154 1777 Baptista
1235 1716 1396 1779 igna,
1437 1726 1544 1762 non
1586 1718 1648 1763 ut
1683 1714 1880 1779 dignas

279 1792 421 1843 quae
443 1778 511 1827 ab
531 1779 667 1843 ipsis
688 1778 1072 1844 legantur,sed
1093 1786 1158 1829 ut
1175 1794 1212 1829 a
1226 1793 1332 1842 me,
1352 1778 1448 1844 qui
1467 1792 1659 1829 eorum
1678 1786 1880 1829 utrum-

280 1858 387 1910 que
416 1843 653 1894 observo
694 1850 753 1895 et
774 1845 844 1894 ab
874 1852 1110 1910 utroque
1131 1859 1306 1907 amor,
1340 1842 1620 1912 profectas
1643 1860 1879 1897 commu-

279 1909 511 1961 nicabis.
546 1907 705 1961 Vale.
728 1925 783 1962 x.
804 1910 931 1962 Kal.
952 1910 1177 1978 Aprilis,
1208 1926 1351 1963 anno
1373 1925 1604 1964 unnxw
1623 1927 1695 1964 ex
1711 1912 1876 1964 Urbe.

506 2193 638 2248 XX.
680 2196 757 2249 Μ.
793 2194 1213 2249 ANTONIUS
1248 2192 1698 2259 MURETUS„

359 2290 767 2332 nisnouruo
806 2294 1162 2343 ori-'rosono
1205 2294 1476 2331 vens-ro
1515 2290 1562 2330 s.
1600 2278 1778 2341 n.***)

339 2346 595 2445 Semper
612 2378 833 2430 maximi
876 2378 987 2431 feci
1009 2378 1305 2443 Senecam,
1351 2394 1678 2446 semperque
1706 2380 1774 2435 de
1803 2392 1871 2427 eo

266 2452 331 2499 ut
358 2445 428 2497 de
458 2446 733 2512 scriptore
772 2458 883 2497 non
921 2452 1154 2511 tantum,
1194 2446 1344 2516 quod
1383 2460 1575 2497 omnes
1611 2444 1871 2523 fatentur,

232 2558 241 2569 ·
294 2596 303 2599 -
324 2546 367 2627 L).
400 2544 473 2587 of.
495 2546 626 2587 Hom.
644 2543 701 2587 n.
716 2544 805 2589 lx.
829 2549 919 2588 118.
938 2551 988 2589 et
1007 2549 1104 2590 52⁶.

325 2599 409 2709 ⁸¹²2)
421 2597 1004 2701 οῆἱῗέἒίιῑῗίιοξωὶδξιιῗεῖἑ
1022 2655 1191 2701 libi-un
1213 2657 1269 2701 de
1287 2656 1591 2713 providentis.
1653 2656 1815 2711 lwt-

338 2720 605 2772 Munsr.
642 2720 747 2772 Er.
1489 2719 1544 2773 Y
