2275 3025
400 137 499 186 232
928 137 1008 192 M.
1040 141 1103 192 A.
1137 141 1468 193 MURETI

399 234 739 300 legerentur,
759 237 861 289 sed
915 253 1017 290 uas
1034 245 1222 292 tamen
1241 242 1363 302 tibi,
1383 247 1445 292 ut
1465 241 1646 292 solent
1665 254 1806 301 mea,
1827 241 2008 308 placi·

398 307 556 350 tui-as
587 315 712 354 esse
736 319 900 369 spera
939 320 1043 356 am.
1113 306 1176 359 ld
1202 313 1403 374 postea
1428 308 1592 358 omisi
1611 305 1825 368 facere,
1848 309 2003 372 quia,

402 367 559 418 cuius
580 381 749 434 opera
768 372 826 422 in
847 373 928 422 eis
948 371 1330 424 describendis
1353 380 1556 436 uterer,
1577 387 1686 423 non
1707 371 2003 425 habebam.

400 431 562 484 Nunc
582 431 787 498 habeo,
816 439 911 503 qui
939 438 995 488 id
1024 440 1313 490 commode
1333 438 1524 489 faciat.
1597 439 1782 499 Quare
1804 453 2004 504 exspe-

404 504 495 549 cta
529 501 850 566 propediem
870 519 903 554 a
927 519 1014 554 me
1040 505 1326 570 ingentem
1363 504 1708 566 fasciculum,
1744 520 1846 569 pro
1885 520 2003 571 quo

401 579 604 616 vereor
622 581 691 629 ne
706 567 829 634 plus
848 572 1121 620 mercedis
1143 571 1379 622 dandum
1401 571 1476 622 sit
1492 571 1820 631 tabellariis,
1835 586 2001 635 quam

402 633 597 697 quanti
618 645 687 682 ea
704 637 889 686 omnia
907 642 1083 686 erunt.
1155 637 1278 686 Erit
1301 643 1488 686 tamen
1553 637 1665 688 uod
1684 637 1870 692 rideas
1889 653 2002 688 una

406 711 529 748 cum
552 697 780 749 Canalio
803 709 1026 762 nostro,
1067 703 1161 767 qui
1181 701 1348 764 mihi,
1386 709 1448 754 ut
1468 703 1536 752 de
1579 709 1636 753 et
1656 739 1671 764 ‚
1716 700 1909 753 haeret
1939 704 2000 754 in

403 763 607 814 animo.
682 765 857 824 Quem
874 773 966 827 tu,
1000 771 1076 818 mi
1102 768 1364 830 Sacrate,
1397 770 1665 820 salutabis
1699 769 2004 834 diligenter

402 842 529 878 meo
556 831 807 893 nomine,
851 838 907 883 et
927 834 1022 899 qui
1042 832 1179 884 mihi
1197 834 1640 886 benevolentiam
1667 836 1685 884 i
1757 836 1843 886 ius
1869 850 2000 886 con·

404 894 627 957 ciliani,
648 896 796 947 idem
816 901 1193 952 conservabis.
1264 900 1499 963 Nescio,
1525 916 1595 951 an
1627 901 1698 951 ad
1738 917 1808 951 uc
1823 902 2000 951 resci-

399 962 561 1022 verit,
582 960 841 1016 Iacobum
860 966 1153 1018 Aemilium
1173 967 1425 1034 Belgam,
1455 981 1617 1033 quem
1646 969 1767 1032 ipse
1787 965 1922 1017 mihi
1941 973 2002 1018 et

399 1041 666 1093 praesens
700 1036 758 1080 et
781 1045 881 1098 per
906 1033 1123 1085 litteras
1153 1034 1664 1095 commendaverat,
1693 1047 1870 1098 nuper
1907 1032 2002 1084 hic

398 1101 676 1147 mortuum
698 1111 841 1149 esse.
904 1099 1074 1151 Plura
1092 1101 1338 1153 scribere
1360 1101 1671 1166 cupientem
1692 1100 2004 1166 impediunt

398 1160 851 1228 interpellatores
867 1201 881 1226 ,
904 1167 997 1232 qui
1028 1165 1166 1218 mihi
1197 1169 1518 1234 plerumque
1547 1167 1640 1217 vix
1659 1165 1731 1216 ad
1750 1180 1834 1227 ea,
1857 1179 1999 1232 quae

379 1231 720 1290 *necessaria
756 1237 884 1281 sunt
903 1267 918 1292 ‚
966 1234 1107 1283 satis
1159 1235 1318 1285 vacui
1355 1235 1622 1297 temporis
1659 1231 2000 1298 relinquunt.

398 1290 553 1342 Bene
574 1294 726 1356 vale,
758 1294 987 1348 Sacrate
1008 1299 1083 1349 mi
1104 1301 1330 1364 optime,
1352 1299 1754 1359 eruditissime,
1783 1299 2000 1348 amicis-

399 1358 539 1471 ἷζὶπιο
561 1395 575 1420 ,
616 1365 673 1409 et
709 1375 795 1410 me
834 1376 1019 1414 amare
1056 1379 1246 1430 perge.
1295 1379 1393 1416 xv.
1430 1365 1556 1416 Kal.
1595 1364 1731 1416 Feb.
1773 1377 2000 1417 mnnxx.

453 1436 631 1474 omae.

826 1643 955 1695 XX.
996 1660 1217 1697 mnan
1255 1660 1574 1699 sacas-ro.

468 1706 705 1809 Scripsi
724 1760 922 1812 nuper,
950 1746 1108 1798 iussu
1128 1746 1441 1798 Cardinalis
1458 1750 1566 1799 mei
1580 1783 1595 1809 ,
1615 1760 1809 1798 versus
1831 1762 2000 1813 quos·

400 1806 526 1855 dam
556 1807 625 1860 de
652 1810 877 1861 Tiburis
903 1814 1241 1875 amoenitate
1255 1815 1324 1877 3¹⁶)
1363 1814 1464 1865 sed
1493 1817 1680 1865 iussus
1707 1828 1857 1864 eram
1885 1828 1998 1863 non

396 1870 574 1921 multo
598 1874 810 1939 plures,
852 1893 1014 1942 quam
1034 1880 1232 1945 viginti
1250 1894 1445 1932 versus
1466 1881 1711 1931 scribere
1742 1885 1800 1929 et
1829 1892 1898 1929 ea
1914 1886 1997 1928 at-

396 1938 643 2001 tingere,
664 1955 805 2017 quae
829 1942 888 1993 in
913 1944 1087 2007 ipsius
1117 1944 1295 1995 hortis
1318 1953 1571 2011 spectatu
1591 1946 1920 2012 dignissima
1937 1951 1996 1995 et

395 2002 797 2053 iucundissima
814 2007 1144 2059 viserentur.
1200 2010 1342 2059 Fudi
1364 2011 1574 2062 duabus
1595 2012 1819 2062 circiter
1839 2009 1995 2061 horis

398 2067 633 2133 amplius
655 2070 1035 2136 quadraginta,
1058 2080 1117 2123 et
1126 2075 1220 2124 vix
1238 2074 1371 2124 mihi
1393 2076 1622 2126 videbar
1634 2090 1812 2142 pauca
1829 2090 1996 2141 quae-

398 2137 526 2186 dam
568 2149 639 2189 ex
676 2136 1190 2200 innumerabilibus,
1229 2154 1370 2206 quae
1410 2140 1520 2193 dici
1541 2149 1819 2207 poterant,
1859 2141 1996 2192 deli·

394 2202 580 2253 b‘asse.
650 2202 765 2253 Eos
785 2217 1006 2266 versus,
1028 2206 1367 2257 cuicuimodi
1385 2214 1540 2267 sunt,
1569 2208 1640 2258 ad
1658 2214 1716 2258 te
1733 2208 1925 2268 mitto,
1947 2208 1996 2258 si

396 2269 546 2323 forte
565 2270 785 2335 possint
806 2272 1044 2321 animum
1063 2277 1218 2321 tuum
1237 2287 1272 2321 a
1289 2273 1565 2323 molestiis
1595 2280 1712 2325 tum
1731 2273 1996 2324 domesti-

399 2336 506 2398 cis,
538 2341 653 2387 tum
680 2336 916 2402 publicis
952 2338 1238 2403 paulisper
1283 2345 1552 2390 avertere.
1623 2340 1796 2389 Cures
1828 2340 1992 2397 enim,

394 2408 556 2453 vetus
596 2401 803 2453 dictum
842 2410 956 2465 est,
996 2406 1239 2455 carmine
1277 2406 1547 2469 minui.**)
1631 2405 1855 2457 Poteris
1895 2419 1996 2455 eos

470 2464 512 2517 ⁸)
546 2466 619 2507 Cf.
638 2467 796 2509 Poem.
815 2468 925 2510 Var.
949 2469 985 2511 1.
1005 2473 1073 2511 50.

454 2518 515 2573 ι·)
548 2520 706 2563 uorat.
728 2521 873 2563 Carm.
892 2522 975 2565 lv.
1000 2528 1063 2565 11.
1086 2527 1158 2566 35.

672 2596 729 2605 —-
747 2574 1001 2619 minuentur
1020 2584 1156 2621 nna·

682 2625 894 2673 Carmine
914 2644 1062 2675 curae.
