2275 3025
481 155 742 213 EPIST.
777 155 935 210 LIB.
972 150 1093 210 III.v
1118 159 1240 210 ΕΡ.
1261 159 1393 210 LII.
1415 159 1584 212 LIII.
1745 159 1842 210 2¹11

257 260 464 310 stitiam
482 257 751 324 intelligi:
791 272 900 324 quo
921 259 1107 324 posito
1130 269 1188 310 et
1217 260 1444 325 cognito
1479 266 1616 325 puto
1659 266 1848 309 cetera

254 324 386 376 ferri
426 339 611 392 posse.
682 325 945 390 Ignosce,
987 340 1194 390 quaeso
1230 332 1311 386 te,
1350 326 1636 375 timiditati
1669 339 1844 376 meae.

256 391 645 459 Satisgmultos
687 403 757 440 ex
792 390 893 439 illo
924 391 1179 457 collegio
1216 393 1426 442 amicos
1455 389 1664 452 habeo,
1701 390 1850 440 intei·

256 465 475 508 ceteros
499 455 933 518 Genebrardum,
956 457 1048 523 qui
1068 473 1208 507 unus
1237 456 1371 506 mihi
1399 463 1486 508 est
1504 471 1606 522 pro
1627 463 1848 509 centum

254 524 513 574 millibus.
583 522 655 583 1s,
676 528 739 571 ut
756 536 921 587 spero
936 559 951 583 ‚
974 530 1032 573 et
1048 529 1148 572 tua
1179 538 1348 573 causa
1372 524 1612 573 libenter
1649 530 1706 572 et
1723 537 1849 572 mea

253 604 363 639 non
384 590 589 638 invitus
620 602 836 639 omnem
875 589 1038 638 nobis
1059 590 1376 654 scrupulum
1415 587 1637 640 eximet.
1703 587 1845 640 Vale

256 662 312 706 et
329 669 520 722 perge,
539 660 603 704 ut
620 653 778 716 facis,
801 655 971 719 patris
993 657 1072 705 tui
1096 656 1432 707 desiderium
1452 663 1550 705 tua
1575 654 1846 720 singulari

252 735 319 772 ac
335 721 643 790 praestanti
662 720 867 772 virtute
886 720 1085 773 lenire.
1152 721 1379 773 Romae.
1403 721 1540 772 ldib.
1563 720 1844 773 Octobris.

461 981 633 1034 LIII.
668 982 745 1035 M.
783 982 1222 1036 ANTONIUS
1257 983 1654 1037 MURETUS

288 1083 347 1119 a.
386 1080 681 1118 muciano
720 1080 1162 1118 consummo
1200 1081 1411 1119 nscio
1447 1083 1504 1118 v.
1538 1082 1588 1118 c.
1618 1081 1666 1118 s.
1699 1067 1814 1130 α’)

252 1150 367 1236 Ne
385 1198 473 1235 me
502 1183 682 1234 serius
709 1180 781 1231 ad
812 1181 1033 1232 litteras
1068 1187 1192 1233 tuas
1231 1183 1571 1249 respondere
1609 1184 1847 1245 mireris,

254 1255 422 1314 scite,
446 1265 541 1300 eas
560 1248 809 1300 redditas
835 1247 969 1300 mihi
992 1263 1116 1300 esse
1136 1265 1258 1300 xvi.
1281 1250 1406 1300 Kal.
1428 1250 1638 1312 Martii,
1664 1251 1722 1300 id
1745 1255 1851 1311 est,

252 1319 426 1371 biduo
447 1323 575 1383 post
594 1316 899 1367 discessum
920 1313 1228 1378 tabellarii,
1267 1318 1434 1382 idque
1461 1316 1593 1367 mihi
1615 1319 1850 1383 plerum·

254 1399 365 1453 que
387 1385 609 1434 evenire
626 1383 831 1444 solere,
852 1389 949 1431 aut
966 1381 1310 1448 negligentia
1330 1398 1546 1446 eorum,
1568 1385 1768 1450 quibus
1785 1382 1850 1432 il-

252 1453 346 1504 lae
362 1449 831 1511 commendamur,
842 1456 936 1498 aut
949 1450 1097 1515 quod
1118 1451 1286 1500 aedes
1305 1452 1530 1500 meaein
1553 1452 1686 1518 ipsis
1707 1450 1851 1500 radi-

256 1520 415 1571 cibus
437 1517 740 1578 Quirinalis
759 1515 927 1582 longe
950 1516 1161 1567 distant
1177 1518 1246 1567 ab
1267 1519 1392 1568 istis
1418 1518 1733 1584 negotiosis
1755 1516 1850 1567 ho-

254 1585 522 1649 minibus,
562 1584 656 1649 qui
682 1596 849 1647 saepe
876 1588 974 1632 aut
1008 1584 1458 1649 propterimbres
1503 1590 1598 1634 aut
1660 1590 1854 1649 ropter

254 1652 475 1703 itineris
494 1648 896 1715 longitudinem
920 1656 1244 1713 exspectant
1275 1664 1448 1715 usque
1477 1664 1570 1710 eo,
1649 1664 1738 1699 um
1759 1662 1848 1703 ve-

254 1720 379 1769 nire
408 1716 478 1765 ad
502 1730 589 1766 me
616 1715 907 1765 commodo
936 1716 1300 1780 suo-possint.
1369 1716 1456 1765 De
1487 1715 1767 1766 Cardinali
1793 1714 1849 1765 S.

256 1780 529 1847 Stephani
568 1782 671 1840 (ita
692 1784 835 1832 enim
864 1795 925 1832 se
945 1782 1136 1831 vocari
1156 1780 1297 1844 vult)
1338 1783 1580 1832 sciebam
1599 1782 1850 1831 nuntium

255 1850 361 1901 tibi
379 1846 831 1898 iucundissimum
850 1847 993 1909 fore,
1003 1846 1242 1914 ideoque
1262 1848 1320 1897 id
1341 1848 1440 1898 tibi
1462 1848 1724 1915 gaudium
1743 1848 1852 1914 pri-

254 1930 377 1967 mus
400 1913 645 1964 obiicere
664 1913 833 1963 volui.
903 1914 971 1964 Ei
992 1928 1212 1980 quoque
1234 1913 1452 1965 litterae
1470 1922 1598 1965 tuae
1617 1928 1850 1980 magnae

256 1981 532 2047 voluptati
567 1978 816 2042 fuerunt,
874 1996 1011 2048 quas
1050 1980 1122 2031 ad
1164 1994 1289 2031 eum
1335 1982 1540 2048 pertuli
1579 1981 1850 2048 postridie

258 2062 423 2116 quam
445 2060 539 2097 eas
561 2060 901 2114 acceperam.
964 2048 1381 2115 Rescripturum
1401 2063 1511 2099 non
1532 2047 1748 2099 dubito:
1773 2048 1852 2097 ita

206 2164 227 2171 ,
258 2121 413 2166 certe
449 2112 724 2164 facturum
763 2128 825 2164 se
863 2116 1093 2179 recepit.
1171 2114 1316 2174 Quin
1357 2116 1542 2176 etiam,
1579 2120 1742 2179 capta
1781 2126 1852 2163 ex

256 2180 463 2231 litteris
487 2181 600 2229 tuis
622 2183 937 2240 occasione,
960 2181 1133 2231 multa
1150 2179 1286 2232 mihi
1307 2182 1375 2231 de
1396 2189 1480 2243 te,
1500 2182 1676 2230 multa
1695 2179 1762 2228 de
1788 2179 1846 2227 C.

253 2246 323 2297 V.
342 2250 501 2310 patre
517 2251 644 2305 tuo,
674 2246 848 2305 multa
875 2246 944 2295 de
972 2248 1083 2297 tuis
1108 2249 1362 2298 omnibus
1381 2247 1618 2297 iucunde
1643 2259 1848 2295 memo-

253 2314 502 2375 riterque
522 2311 792 2373 narravit,
830 2318 893 2361 ut
918 2311 1085 2362 facile
1112 2320 1426 2379 appareret,
1465 2326 1588 2362 eum
1609 2312 1848 2361 libenter

252 2380 310 2429 in
340 2376 443 2427 illo
480 2389 737 2425 sermone
783 2380 1009 2429 versari.
1078 2378 1168 2429 De
1207 2378 1684 2445 praestantissimo
1724 2378 1845 2428 viro

251 2443 567 2504 Brissonio‚
588 2441 737 2507 quod
755 2443 1007 2493 nonnihil
1030 2452 1366 2511 conquestus
1397 2460 1541 2505 sum,
1579 2443 1764 2494 fateor
1781 2443 1846 2492 ti-

246 2510 330 2571 ·bi,
368 2510 426 2559 id
466 2524 593 2559 inea
630 2508 865 2587 quadam
906 2511 1208 2562 ambitione
1239 2512 1464 2561 factum.
1538 2511 1682 2571 Quia
1701 2512 1845 2560 enim

248 2576 409 2627 illum
444 2576 667 2642 plurimi
706 2573 877 2635 facio,
907 2577 1247 2629 submoleste
1276 2577 1400 2646 tuli,
1429 2578 1694 2630 sumsisse
1723 2591 1847 2627 eum

306 2654 349 2709 ¹⁹)
384 2654 455 2698 cf.
476 2667 550 2709 ep.
571 2656 783 2697 ⁵¹1.-61.
804 2652 935 2697 huius
953 2652 1077 2699 libri.
