2275 3025
484 168 550 217 44
794 216 798 223 ,
1017 160 1094 211 Μ.
1130 160 1192 211 Α.
1228 158 1548 211 MURETI

485 265 668 318 stolae
687 263 1018 331 principium
1039 262 1288 329 reperire
1309 261 1517 313 nullum
1538 274 1728 327 posse,
1758 265 1913 312 certo
1943 261 2090 314 scio,

489 332 681 383 Febris
701 330 807 381 fuit
825 331 1066 381 tertiana
1085 330 1309 395 duplex,
1321 328 1539 395 qualem
1558 334 1618 377 tu
1639 343 1674 379 a
1690 342 1781 379 me
1799 327 1971 379 tertio
1993 328 2091 379 ab·

487 398 612 450 hinc
633 412 777 448 anno
797 396 1088 447 Ferrariae
1111 395 1398 462 depulisti:
1438 395 1543 445 nisi
1567 395 1715 460 quod
1737 393 1875 445 haec
1892 394 2090 445 mitior

488 472 544 517 et
564 464 852 515 remissior
878 462 1003 513 fuit.
1073 461 1265 528 ltaque
1296 468 1493 511 octavo
1524 476 1611 511 me
1640 460 1755 523 die,
1794 467 2090 527 postquam

489 532 853 598 corripuerat,
874 530 1117 595 reliquit.
1192 528 1427 578 curatus
1448 544 1568 579 sum
1589 543 1697 578 non
1720 527 2089 578 medicamen-

487 600 561 649 tis
580 596 776 658 modo,
811 594 911 645 sed
933 602 988 644 et
1007 596 1273 644 missione
1292 596 1609 659 sanguinis,
1634 594 1702 645 de
1725 594 1963 645 consilio
1986 595 2091 645 An·

490 666 604 733 geli
628 660 921 713 Iustiniani
947 661 1152 721 nostri,
1194 661 1288 726 qui
1324 660 1725 712 medicamenta
1760 676 1873 713 non
1909 661 2093 711 solum

489 734 610 796 ipse
631 728 1012 795 praescripsit,
1051 726 1151 777 sed
1176 733 1233 776 et
1250 740 1504 805 magnam
1531 734 1742 793 partem
1772 742 1960 778 eorum
1990 742 2095 778 sua

491 812 656 848 manu
675 792 922 843 confecit
949 807 1014 843 ac
1043 794 1414 843 concinnavit.
1486 792 1723 844 Omnino
1756 799 1811 843 et
1834 794 2009 859 ipsius
2032 800 2093 845 et

494 862 734 912 omnium
759 860 851 925 qui
891 857 980 909 hic
1001 864 1155 922 sunt,
1196 859 1296 909 sed
1361 860 1619 924 raecipue
1639 860 1813 927 ipsius
1853 867 1909 909 et
1936 859 2091 911 Petri

491 926 807 980 Normesini
836 926 1129 976 mirificum
1174 940 1315 991 quen
1358 941 1445 976 am
1473 934 1733 991 expertus
1760 942 1879 977 sum
1907 928 1963 977 in
2003 942 2093 976 me

494 1008 763 1054 amorem,
787 992 980 1044 miram
1001 993 1056 1045 iu
1078 992 1323 1044 curanda
1346 991 1658 1043 valetudine
1678 1008 1803 1043 mea
1822 993 2093 1043 sollicitu-

494 1060 703 1123 dinem,
735 1059 1113 1121 sedulitatem,
1148 1059 1549 1110 assiduitatem.
1640 1058 1832 1127 Neque
1873 1060 1954 1108 ita
1988 1057 2095 1109 hos

532 1128 776 1189 medice,
799 1132 858 1176 ut
879 1141 988 1177 non
1008 1127 1212 1177 ceteris
1236 1140 1454 1193 quoque
1466 1126 1758 1191 plurimum
1780 1125 1983 1177 debere
2004 1139 2097 1175 me

493 1145 691 1247 fatear.
760 1192 899 1243 Nam
921 1199 979 1242 et
995 1191 1459 1244 Bartholomaeus
1478 1191 1682 1243 Feri-us
1704 1194 1862 1259 (puto
1888 1198 1946 1242 te
1968 1198 2097 1242 ante

497 1263 799 1312 nescivisse
826 1258 884 1309 id
910 1272 1112 1309 nomen
1131 1257 1428 1325 Theologo
1451 1264 1645 1309 nostro
1674 1262 1834 1321 esse)
1876 1264 1933 1309 et
1960 1258 2096 1308 Hie-

497 1342 761 1392 ronymus
799 1323 1212 1390 Lippomannus
1243 1329 1300 1374 et
1334 1324 1518 1375 Abbas
1546 1324 1842 1376 Rossettus
1872 1330 2094 1374 conten-

499 1394 632 1444 dere
655 1392 893 1457 quodam
914 1390 1080 1441 modo
1102 1390 1327 1449 intense
1348 1391 1693 1453 videbantur,
1706 1392 1827 1457 quis
1849 1390 2102 1455 pluribus

501 1464 666 1525 atque
698 1458 1143 1522 expressioribus
1163 1456 1383 1507 indiciis
1406 1458 1647 1508 studium
1677 1473 1813 1526 erga
1839 1472 1925 1507 me
1950 1464 2102 1524 pate·

501 1523 716 1578 faceret
762 1539 936 1574 suum.
1006 1523 1148 1574 Mihi
1186 1524 1378 1587 crede,
1427 1527 1569 1576 tanti
1617 1532 1738 1579 erat
1784 1531 2102 1592 aegrotare.

501 1591 660 1645 Nunc
701 1591 1254 1644 confirmatus-avide
1294 1598 1585 1657 exspecto,
1630 1592 1761 1658 quid
1797 1606 1898 1641 vos
1935 1591 2104 1650 istinc

503 1657 760 1712 scribatis
807 1658 874 1709 de
913 1665 1108 1709 nostro
1158 1659 1215 1708 in
1253 1657 1469 1708 ltaliam
1505 1657 1707 1709 reditu.
1779 1658 2105 1724 Quanquam

504 1729 648 1780 enim
668 1735 797 1776 tuae
817 1726 1037 1776 litterae
1058 1731 1214 1776 certa
1232 1739 1404 1791 prope
1426 1730 1484 1775 et
1502 1725 1793 1791 explorata
1819 1726 2104 1776 nunciantz

503 1809 615 1845 non
643 1793 843 1844 desunt
871 1799 1055 1842 tamen
1075 1789 1195 1854 hic,
1236 1792 1329 1858 qui
1358 1791 1659 1858 sponsione
1690 1796 1905 1842 certare
1927 1789 2108 1856 parati

506 1861 642 1920 sint,
670 1873 772 1908 nos
792 1859 848 1909 in
871 1858 1056 1908 Gallia
1094 1856 1503 1909 hibernaturus.
1571 1858 1681 1908 Alii
1710 1858 1873 1907 aliter
1894 1862 2106 1922 putant,

507 1925 609 1975 sed
627 1930 812 1974 tamen
833 1923 1195 1973 dubitationis
1218 1924 1430 1992 aliquid
1452 1923 1639 1986 affert,
1679 1923 1827 1991 quod
1858 1922 1947 1973 hic
1975 1937 2107 1972 non-

509 1989 637 2041 dum
659 2003 759 2054 pro
783 1995 936 2038 certo
958 1988 1207 2039 auditum
1229 1991 1339 2052 est,
1360 1988 1680 2041 Niehettum
1702 1991 1927 2041 abiisse.
2000 1988 2107 2049 Qui

510 2057 560 2108 si
584 2055 768 2106 media
805 2052 984 2104 hieme
1017 2054 1275 2117 redierit,
1316 2057 1408 2116 (et
1435 2057 1543 2105 iam
1570 2058 1661 2108 vix
1698 2057 1919 2107 videtur
1946 2057 2112 2106 aliter

511 2123 633 2174 tieri
658 2135 826 2188 posse
837 2124 884 2183 ,)
920 2126 1178 2171 tamenne
1210 2137 1271 2172 se
1297 2120 1640 2173 alienissimo
1683 2125 1810 2173 anni
1837 2129 2109 2188 tempore,

511 2189 820 2256 asperrimo
860 2187 1048 2250 caelo,
1086 2189 1255 2238 inviis
1282 2187 1410 2248 viis,
1449 2194 1559 2238 tam
1586 2188 1890 2256 longinquo
1921 2189 2111 2240 itineri

513 2257 906 2308 commissurus
921 2261 1007 2304 est
1018 2253 1359 2304 cardinalis‘!
1378 2253 1461 2304 lta
1471 2254 1754 2320 disputant
1765 2255 2005 2322 quidam3
2018 2255 2117 2320 qui

512 2323 648 2376 mihi
676 2338 786 2374 non
815 2323 954 2373 satis
980 2321 1263 2388 cognitum
1292 2319 1495 2371 habere
1524 2323 1700 2386 ipsius
1728 2322 2012 2388 ingenium
2037 2321 2114 2369 vi-

515 2391 729 2441 dentur.
803 2389 921 2457 Ego
944 2390 1089 2439 enim
1109 2386 1216 2438 hoc
1235 2388 1357 2453 ipso
1380 2393 1705 2455 argumento
1726 2394 1873 2449 utor,
1888 2403 1987 2438 cur
2005 2403 2115 2437 ma-

514 2458 602 2523 gis
630 2471 871 2522 augurer
899 2455 1140 2516 f01·e‚·ut
1172 2453 1452 2505 abeamus.
1521 2453 1709 2505 Herus
1738 2454 1882 2503 enim
1904 2459 2115 2515 noster,

516 2537 626 2588 qua
643 2531 729 2572 est
748 2522 1124 2588 magnitudine
1148 2521 1341 2582 animi,
1380 2519 1519 2571 hanc
1548 2523 1725 2586 ipsam
1755 2523 2114 2570 occasionem

517 2589 748 2654 arripiet
782 2583 1097 2638 declarandi
1122 2588 1374 2638 omnibus
1404 2585 1743 2646 hominibus,
1772 2587 2033 2637 virtutem
2062 2595 2119 2636 et

518 2655 886 2708 constantiam
919 2670 1077 2706 suam
1117 2668 1298 2721 neque
1337 2653 1567 2704 aestatis
1604 2651 1897 2722 ardoribus
1934 2667 2115 2720 neque
