2275 3025
634 189 903 242 EPIST.
941 189 1097 240 Lm.
1126 187 1194 239 11.
1215 188 1334 239 EF.
1371 189 1476 238 lx.
1791 186 1887 238 169

292 287 548 340 evolvere
607 287 715 339 sibi
755 302 824 337 ue
878 301 1194 353 proponere
1250 286 1322 336 ad
1369 285 1693 338 imitandum
1729 287 1883 337 velit.

290 353 479 420 ltaque
510 354 723 404 eiusmo
764 353 1029 418 iscripta,
1050 358 1327 418 tamquam
1355 353 1486 401 vina
1502 351 1672 412 levia,
1702 367 1886 417 quam·

288 419 385 470 diu
402 427 623 470 mustea
640 425 785 477 sunt,
807 418 931 483 ipso
954 417 1218 468 novitatis
1240 431 1438 482 sapore
1460 417 1740 482 paulisper
1774 418 1886 482 pla·

295 492 447 550 cent3
484 485 687 535 iterum
727 490 822 534 aut
858 484 1080 551 saepius
1119 488 1343 550 gustata
1385 482 1758 533 fastidiuntur.
1827 483 1888 534 ln

331 559 517 602 romtu
539 551 793 616 exempla
811 556 956 601 sunt.
1026 549 1250 611 Bembi,
1291 548 1616 615 Navagarii,
1651 548 1890 608 Molsae,

348 617 605 682 ampridii
636 623 733 666 aut
755 630 949 666 versus
985 621 1082 666 aut
1110 615 1424 676 orationes,
1455 615 1892 680 quotusquisque

297 682 469 734 hodie
490 681 659 747 legit}
696 687 754 732 et
777 687 960 732 tamen
994 688 1090 731 aut
1116 682 1203 732 illi
1224 689 1418 732 nostra
1435 685 1621 730 aetate
1642 681 1892 746 proxime

298 750 649 812 antiquorum
675 748 906 814 gloriam
939 755 1325 809 accesserunt,
1357 753 1454 797 aut
1472 761 1634 797 nemo
1657 761 1896 813 unquam

298 826 625 865 accessurus
635 819 735 866 est.
770 815 1041 864 Ateontra
1060 815 1109 864 si
1129 827 1238 880 qua
1255 813 1424 864 iidem
1443 814 1513 863 ad
1531 813 1895 864 illustrandos

298 885 547 930 veterum
571 879 744 931 libros
764 882 1099 946 pertinentia
1118 883 1326 931 litteris
1346 879 1737 947 prodiderunt,
1764 894 1896 945 qua-

300 946 380 998 lia
407 946 673 996 nonnulla
688 946 930 998 Bembus
958 947 1376 1014 elegantissime
1397 946 1642 1012 scripsit:
1685 960 1752 995 ea
1768 945 1897 1012 plus

298 1013 534 1080 plusque
553 1015 608 1062 in
634 1013 754 1063 dies
775 1012 1157 1063 studiosorum
1181 1011 1472 1080 ,hominum
1494 1012 1745 1062 manibus
1769 1025 1896 1061 con·

298 1085 571 1130 teruntur.
660 1077 933 1144 §utquid
954 1078 1023 1129 de
1044 1078 1128 1128 his
1162 1077 1394 1143 loquor}
1451 1076 1686 1127 Possum
1726 1077 1899 1128 nomi·

300 1159 433 1195 nare
474 1144 863 1206 nonnullos,*)
894 1144 987 1209 qui
1018 1142 1220 1193 abhinc
1250 1144 1544 1210 sexaginta
1562 1142 1682 1194 fere
1710 1142 1900 1194 vixere

300 1225 504 1270 annos,
534 1213 1070 1276 quorumpoemata,
1103 1211 1414 1271 orationes,
1451 1209 1748 1276 epistolas),
1778 1224 1901 1261 cum

288 1305 299 1310 ν
339 1282 531 1341 ropter
550 1289 864 1342 perversum
902 1277 1168 1342 etinepta
1193 1275 1900 1343 affectatione'corruptum

323 1341 568 1408 oquendi
581 1356 775 1408 genus,
787 1343 934 1409 quod
946 1348 1101 1393 aetas
1111 1343 1213 1393 illa
1231 1341 1528 1403 extulerat,
1539 1341 1900 1394 sine'risuho-

299 1411 387 1462 die
414 1423 576 1458 nemo
604 1409 782 1474 legat:
824 1409 1123 1460 eorundem
1158 1419 1342 1460 tamen
1374 1409 1482 1459 scri
1522 1415 1582 1458 ta
1612 1410 1900 1475 quaedam,

300 1476 501 1546 quihus
551 1474 646 1526 lux
694 1475 881 1543 aliqua
934 1476 1170 1529 vetustis
1225 1423 1592 1543 scriptorigus
1649 1475 1899 1539 affertur,

300 1545 557 1597 omnibus
577 1542 781 1608 vigent.
852 1540 1135 1609 Denique,
1241 1557 1327 1593 em
1349 1543 1472 1593 sola
1498 1545 1768 1593 sermonis
1791 1543 1900 1592 ele·

338 1610 492 1661 antia
528 1609 885 1673 suavitasque
924 1623 1176 1659 commen
1217 1616 1300 1671 ut,
1332 1610 1384 1660 is
1405 1614 1642 1659 aetatem
1663 1608 1812 1659 ferre
1838 1607 1900 1657 li-

336 1692 400 1727 er
418 1690 527 1725 non
548 1679 763 1739 potest3
784 1681 843 1725 at
866 1690 935 1725 ex
953 1688 1062 1741 quo
1073 1674 1287 1727 fruetus
1308 1674 1518 1742 aliquid
1527 1674 1901 1741 utilitatisque

336 1743 623 1805 ereipitur,

296 1756 333 1809 P
370 1805 478 1856 Hic
495 1814 663 1857 meret
676 1821 810 1858 aera
827 1804 959 1859 liber
979 1806 1163 1869 Sosiis,
1189 1807 1276 1859 hic
1296 1817 1347 1861 ee
1365 1824 1512 1861 mare
1533 1807 1746 1870 transit,

366 1870 453 1923 Ee
466 1871 685 1938 longum
706 1880 833 1924 noto
854 1873 1107 1939 scriptori
1114 1885 1392 1942 prorogat
1411 1875 1696 1933 uevtcm.**)

201 1961 206 1967 ¹
296 1938 423 2006 Ego
442 1943 648 1999 autem,
667 1939 977 2002 Moneniee‚
1000 1956 1140 2007 quae
1165 1942 1436 2008 cupiditas
1457 1943 1512 1992 in
1535 1942 1745 2008 optimo
1765 1952 1899 2005 quo-

296 2020 404 2073 que
435 2004 674 2055 maxime
710 2006 887 2073 viget,
918 2008 1164 2057 ‘navandi
1198 2010 1438 2060 studium
1476 2023 1633 2059 suum
1668 2006 1901 2057 utilitati

292 2072 552 2140 publicae
574 2078 630 2122 et
650 2073 889 2124 nominis
909 2074 1075 2124 suiad
1093 2082 1353 2140 posteros
1370 2090 1468 2142 pro
1511 2073 1732 2140 agandi,
1747 2071 1814 2120 ab
1832 2082 1901 2120 ea

296 2153 573 2205 nunquam
607 2154 695 2189 me
734 2138 1091 2192 abhorruisse
1125 2142 1414 2193 confiteor.
1462 2090 1636 2200 guam
1673 2136 1744 2187 ad
1781 2149 1900 2184 rem

298 2220 421 2256 eum
440 2204 581 2255 illud
600 2204 761 2267 mihi,
800 2206 869 2257 de
892 2221 999 2273 quo
1024 2214 1152 2257 ante
1175 2209 1320 2270 dixi,
1361 2207 1518 2274 quasi
1549 2199 1899 2266 compendia·

298 2272 439 2323 rium
460 2269 585 2321 e'sse
606 2273 714 2322 iter
731 2272 1005 2334 viderem,
1026 2288 1360 2341 progressus
1382 2285 1500 2322 sum
1521 2271 1578 2317 in
1598 2282 1692 2326 eo,
1715 2263 1900 2331 quoad

296 2338 484 2403 potui»
514 2343 570 2387 et
589 2352 689 2403 pro
762 2338 853 2388 edi
876 2354 1070 2404 porro,
1105 2342 1152 2390 si
1170 2340 1286 2389 vita
1303 2333 1765 2401 suppeditaverit,
1805 2344 1898 2379 eo-

298 2405 439 2470 gito.
509 2402 659 2469 Ergo
682 2419 715 2454 a
736 2406 795 2454 ia
812 2405 975 2468 alias3
1016 2420 1192 2470 nuper
1211 2411 1394 2454 autem
1451 2404 1654 2475 uatuor
1676 2396 1900 2475 Cicero-

298 2470 385 2521 nis
418 2469 477 2519 in
522 2469 813 2521 Catilinam
852 2472 1139 2521 orationes
1173 2476 1290 2519 tum
1331 2468 1420 2517 vin
1459 2464 1604 2512 ioan
1641 2477 1675 2514 a
1709 2462 1898 2514 multis

352 2572 395 2627 ⁸¹)
423 2572 641 2628 Intellige
662 2574 730 2617 Io.
751 2574 951 2627 Baptist.
969 2574 1119 2625 Pium,
1140 2572 1364 2617 Marinum
1384 2548 1710 2618 Beoichomum,
1728 2572 1900 2610 utrum-

300 2642 385 2683 que
404 2628 674 2673 Beroaldum
697 2632 786 2673 etc.
806 2628 988 2672 Ruhnk.

328 2718 335 2728 .
355 2687 418 2741 ³³)
450 2686 561 2729 Bor.
579 2686 637 2729 A.
657 2685 715 2727 P.
734 2687 817 2727 345
845 2686 943 2727 346.
