2275 3025
1354 150 1361 159 α

2256 186 2261 193 ι

656 326 909 380 EPIST.
947 326 1101 380 LlB.
1136 330 1179 381 1..
1214 332 1332 383 ΕΡ.
1368 335 1409 383 1.
1786 331 1817 383 5

255 446 364 481 non
386 428 567 496 magni
583 431 843 481 momenti
861 429 1086 495 negotia
1097 431 1412 495 pertineret.
1484 432 1618 493 Quis
1638 438 1820 483 autem

257 512 360 564 ego
382 512 524 559 sum,
546 504 630 559 ut,
659 496 806 563 quod
826 502 1101 562 postremo
1128 497 1253 547 loco
1276 500 1458 563 posui,
1492 501 1819 551 auctoritate

257 566 540 632 quisquam
572 564 840 614 adductus
857 577 1007 624 mea,
1041 577 1131 614 res
1170 578 1321 614 meas
1359 580 1693 633 cognoscere
1732 582 1821 617 cu-

255 631 402 696 piat‘ss
449 628 613 685 Mitto
641 631 774 691 iam,
814 629 956 697 quod
985 646 1106 680 cum
1135 631 1195 681 in
1232 633 1457 693 ceteris,
1492 640 1607 683 tum
1631 635 1688 683 in
1716 632 1821 683 hoc

257 699 549 763 praecipue
570 709 773 763 genere
792 696 870 746 ita
887 697 1036 763 negli
1077 712 1174 749 ens
1196 714 1332 760 sum,
1353 706 1413 749 ut
1434 700 1695 765 epistolas
1715 715 1823 751 uno

257 766 466 829 impetu
494 764 676 825 fusas,
716 778 838 813 raro
865 764 1023 815 admo
1067 780 1156 815 um
1182 764 1267 815 bis
1287 766 1502 844 legere,
1543 772 1693 817 certe
1714 767 1828 832 qui-

260 831 383 881 dem
403 845 674 896 nunquam
691 829 774 881 bis
795 831 1061 893 scribere,
1090 831 1191 883 sed
1210 838 1269 882 ut
1323 847 1517 883 rimum
1534 832 1827 895 fluxerunt,

257 898 547 947 liturarum
582 912 742 963 saepe
779 912 844 948 ac
877 899 1210 949 macularum
1248 914 1280 964 p
1308 914 1466 962 enas,
1514 900 1582 951 ad
1620 900 1827 950 amicos

257 964 481 1015 mittere
499 962 722 1015 soleam.
790 963 980 1032 Itaque
1000 965 1229 1016 multum
1248 967 1459 1033 negotii
1478 965 1644 1027 habui
1662 968 1717 1017 in
1736 967 1826 1029 iis,

260 1046 396 1098 quas
433 1030 502 1081 ad
535 1038 588 1082 te
626 1047 768 1083 nunc
801 1032 983 1093 mitt0,
1023 1033 1373 1099 colligendis.
1438 1032 1576 1085 Nam
1613 1041 1830 1101 praeter

257 1112 484 1165 paucas,
522 1114 654 1165 quas
683 1098 984 1151 familiares
1013 1098 1233 1164 quidam
1259 1101 1369 1151 mei
1405 1101 1827 1167 descripserant,

259 1172 476 1217 ceterae
498 1166 563 1216 ab
578 1166 652 1217 iis
673 1167 807 1231 ipsis
821 1202 836 1227 ,
864 1166 934 1217 ad
954 1181 1091 1231 quos
1111 1167 1314 1217 missae
1334 1174 1511 1229 erant,
1542 1175 1636 1218 aut
1653 1167 1720 1219 ab
1740 1168 1829 1229 iis,

257 1234 315 1284 in
335 1247 566 1299 quorum
585 1247 793 1293 manus,
814 1232 1047 1282 mortuis
1066 1232 1220 1297 ipsis,
1239 1241 1625 1297 pervenerant,
1648 1248 1833 1285 corro-

299 1299 472 1350 andae
516 1295 782 1365 quasique
847 1298 1088 1349 ostiatim
1152 1298 1556 1366 conquirendae
1593 1299 1831 1351 fuerunt.

261 1314 412 1427 {uas
439 1381 550 1417 non
569 1365 682 1415 ullo
707 1364 896 1416 ordine
916 1370 1009 1414 aut
1064 1376 1382 1417 ersonarum
1401 1372 1495 1417 aut
1511 1374 1833 1435 temporum,

263 1434 466 1499 (neque
486 1432 630 1483 enim
647 1447 736 1482 res
756 1432 896 1483 tanti
912 1432 1038 1483 vide
1078 1439 1201 1483 atur
1211 1436 1255 1496 ,)
1284 1433 1385 1484 sed
1401 1440 1462 1484 ut
1489 1450 1736 1502 quaeque
1756 1434 1831 1484 al-

259 1499 378 1552 lata
397 1506 532 1562 erat,
555 1506 750 1552 et·cum
770 1499 850 1551 eis
871 1500 1161 1552 nonnullas
1183 1499 1253 1550 ad
1271 1515 1357 1552 me
1380 1517 1412 1552 a
1430 1501 1559 1554 viris
1582 1502 1836 1555 doctrina

263 1575 320 1619 ct
347 1567 675 1618 auctoritate
739 1567 1107 1618 raestantibus
1133 1569 1393 1634 scriptas,
1422 1570 1479 1620 in
1499 1586 1663 1621 unum
1680 1571 1834 1620 volu·

260 1649 386 1686 men
406 1649 680 1702 congel-en
721 1650 780 1685 as
807 1636 1015 1696 curavi,
1052 1641 1112 1685 ut
1131 1641 1257 1686 tuae
1279 1637 1368 1687 vel
1386 1637 1657 1690 voluntati
1676 1637 1833 1688 obse·

262 1695 462 1769 querer'
496 1695 921 1753 vel⁸auctoritati
941 1702 1390 1768 obtemperarem.
1435 1704 1669 1755 Tantum
1690 1705 1835 1753 enim

263 1775 321 1820 et
346 1769 617 1820 amicitiae
650 1775 868 1820 nostrae
905 1774 961 1818 et
992 1769 1315 1835 prudentiae
1344 1774 1469 1820 tuae
1496 1771 1555 1819 in
1582 1769 1834 1821 maximis

259 1835 573 1890 muneribus
605 1835 838 1902 publicis
867 1833 1134 1886 obeundis
1161 1836 1270 1883 iam
1306 1835 1517 1900 pridem
1556 1840 1835 1901 spectatae

263 1903 442 1954 tribuo
454 1939 469 1964 ,
491 1909 552 1954 ut
571 1903 720 1954 nulla
734 1903 792 1953 in
809 1916 870 1953 re
891 1902 994 1952 tibi
1015 1908 1109 1953 aut
1126 1900 1339 1951 volenti
1358 1915 1560 1966 negare
1602 1907 1695 1954 aut
1713 1915 1835 1952 sua-

263 1970 412 2021 denti
443 1970 723 2021 adversari
746 1968 832 2019 fas
859 1975 1062 2035 putem.
1134 1966 1316 2026 Quare
1338 1968 1469 2035 quid
1495 1982 1527 2019 a
1543 1984 1630 2020 me
1648 1976 1835 2036 postu-

259 2037 368 2099 les,
407 2044 501 2087 aut
533 2037 663 2104 quid
691 2050 778 2086 me
796 2034 982 2085 facere
1002 2033 1221 2095 iubeas,
1260 2035 1378 2102 ipse
1399 2035 1625 2088 videris:
1666 2043 1835 2100 certe,

263 2103 526 2172 quidquid
544 2101 934 2169 postulaveris,
963 2101 1108 2167 quod
1140 2101 1358 2168 quidem
1375 2103 1432 2158 in
1452 2119 1537 2170 me
1558 2105 1723 2156 situm
1742 2105 1835 2166 sit,

262 2171 636 2238 consequeris·
703 2169 830 2220 Hoc
873 2173 1054 2219 autem
1101 2169 1363 2235 aequiore
1410 2171 1590 2222 animo
1641 2186 1835 2239 passus

260 2254 378 2290 sum
405 2243 622 2290 exstare
642 2236 852 2304 aliquas
874 2235 1137 2302 epistolas
1170 2251 1349 2301 meas,
1388 2238 1535 2305 quod
1570 2239 1838 2306 quaedam

260 2305 446 2356 multis
467 2306 576 2354 iam
594 2303 790 2355 abhinc
807 2303 963 2354 annis
985 2303 1167 2354 editae
1190 2311 1315 2355 sunt
1333 2320 1431 2372 pro
1453 2307 1611 2368 meis,
1632 2306 1699 2356 de
1721 2303 1837 2372 qui-

261 2371 364 2422 bus
394 2371 698 2423 scribendis
727 2385 831 2438 ego
853 2385 922 2421 ne
941 2385 1038 2436 per
1068 2372 1337 2422 somnium
1361 2372 1581 2438 quidem
1600 2385 1837 2436 unquam

265 2439 525 2505 cogitavi.
597 2438 947 2488 Confinxerat
975 2438 1134 2488 casis
1155 2438 1272 2503 ipse
1294 2439 1371 2502 ²⁶),
1398 2438 1493 2505 qui
1520 2444 1776 2503 tanquam
1804 2451 1839 2487 a

263 2521 350 2559 me
383 2505 452 2556 ad
483 2504 775 2558 se-‚missas
815 2503 1217 2570 divulgaverat,
1254 2503 1419 2555 homo
1457 2504 1700 2554 eruditus
1736 2503 1835 2553 ille

303 2573 512 2634 uidem,
551 2570 650 2622 sed
677 2570 956 2635 improbus
1002 2577 1059 2621 et
1106 2576 1303 2637 natura
1329 2569 1564 2620 nocendi
1594 2583 1657 2620 ac
1692 2569 1837 2620 male

293 2639 508 2690 aciendi
545 2637 795 2704 cupidus:
841 2653 962 2688 cum
997 2637 1245 2702 plurima,
1269 2643 1325 2687 et
1362 2635 1601 2685 maxima
1638 2635 1837 2693 officia,

267 2707 464 2774 quibus
493 2720 528 2755 a
549 2719 636 2756 me
656 2701 886 2754 affectus
919 2709 1056 2766 erat,
1090 2702 1314 2753 summis
1344 2701 1559 2750 iniuriis
1587 2713 1837 2762 compen-

319 2798 361 2852 ”)
393 2796 640 2849 Dionysius
668 2794 928 2836 Lambinus.
981 2791 1120 2846 Ipsae
1151 2787 1373 2843 epistolae
1402 2789 1605 2829 extremo
1624 2780 1836 2825 volumini

269 2854 474 2897 adiectae
495 2855 612 2902 nunt,
634 2850 713 2894 ubi
729 2849 834 2893 vide
855 2851 1009 2892 annot.
