2275 3025
534 115 797 169 EPIST.
833 115 988 168 Lm.
1024 116 1105 168 11.
1147 119 1267 169 ΕΡ.
1303 117 1437 170 XX.
1477 120 1641 172 xxi.
1784 117 1886 172 201

289 217 417 270 dum
453 217 667 285 aliquid
706 217 1067 280 excuderent,
1089 218 1240 284 quod
1260 219 1352 268 vel
1373 219 1633 286 dignitati
1649 226 1780 272 tuae
1802 234 1888 272 re·

290 285 607 352 sponderet,
650 285 745 336 vel
777 283 1198 346 beneficiorum,
1243 299 1383 352 quae
1406 301 1440 335 a
1457 293 1514 336 te
1535 289 1756 352 accepi,
1775 301 1888 340 ma-

288 351 634 419 gnitudinem
674 350 1038 418 adaequaret=
1076 355 1213 402 vota
1237 349 1585 416 mihi-plane
1631 351 1890 404 facienda

292 423 479 479 erant,
520 425 584 470 ut
619 431 796 484 usque
836 417 909 468 ad
943 416 1083 467 illud
1124 422 1341 485 tempus
1377 419 1546 468 vitam
1584 419 1894 484 producere

286 485 505 536 liceret.
578 484 681 536 Est
712 489 898 534 autem
923 484 1202 550 iniquum,
1234 498 1302 534 eo
1325 483 1467 534 nihil
1484 485 1742 547 reddere,
1767 486 1898 551 quia

287 551 585 617 plurimum
624 549 848 600 debeas.
920 549 1095 602 Simul
1135 550 1428 616 putabam,
1465 551 1571 602 tibi
1607 566 1720 602 non
1755 552 1896 601 iniu-

289 617 527 669 cundam
547 615 671 667 fore
693 618 1017 668 memoriam
1035 617 1188 670 iuius
1209 619 1496 683 temporis,
1511 621 1620 685 quo
1645 623 1742 668 tua
1758 614 1900 668 mihi

290 684 376 736 sin
460 683 595 732 laris
620 676 941 734 humanitas
977 699 1192 736 summo
1215 690 1274 735 et
1293 685 1505 735 auxilio
1532 689 1591 734 ct
1611 697 1899 734 ornamen-

290 757 351 801 to
398 750 498 800 uit.
566 747 706 800 Nam
727 766 848 802 cum
868 756 926 800 et
944 751 1182 801 novitati
1203 765 1237 800 a
1253 751 1536 802 nonnullis
1565 758 1624 802 et
1650 749 1900 818 peregri-

290 817 459 868 nitati
484 816 826 868 invideretur
854 832 1044 868 meaex
1084 823 1146 868 tu
1165 833 1308 868 unus
1330 817 1616 880 exstitisti,
1657 818 1749 887 qui
1773 831 1900 868 cau-

291 897 411 933 sam
446 898 625 934 meam
661 885 931 935 acerrime
970 885 1314 950 susciperes,
1365 887 1462 950 qui
1501 898 1621 936 eam
1660 884 1900 963 collegis

290 951 421 1012 tuis,
459 950 593 1001 viris
622 951 772 1004 omni
802 950 1025 1002 laudum
1046 965 1190 1016 gene
1284 951 1648 1016 dignissimis,
1687 952 1899 1002 studlo·

291 1017 514 1067 sissime
532 1018 983 1084 ‚commendarem
1007 1017 1101 1085 qui
1122 1031 1194 1067 au
1229 1065 1240 1070 ,
1255 1017 1475 1066 oritatis
1495 1023 1630 1067 tuae
1650 1018 1900 1083 pondere

290 1082 654 1150 plurimorum
676 1084 889 1134 animos
911 1084 983 1134 ad
1002 1097 1091 1134 me
1112 1082 1406 1133 amandum
1433 1089 1490 1133 et
1511 1084 1700 1148 aliquo
1721 1083 1778 1133 in
1804 1097 1904 1133 nu·

291 1162 448 1200 mero
471 1147 783 1202 habendum
803 1163 1204 1202 commoveres.
1241 1149 1400 1200 Haec
1421 1163 1510 1201 me
1532 1150 1900 1211 adduxerunt,

292 1220 358 1266 ut
378 1217 551 1266 satius
590 1215 871 1278 ducerem,
916 1214 1025 1268 hoc
1060 1216 1324 1284 pusillum
1356 1217 1738 1268 testimonium
1769 1217 1901 1267 dare

298 1281 688 1332 observantiae
710 1297 845 1350 erga
863 1289 919 1334 te
942 1298 1125 1346 meae,
1199 1297 1326 1334 uam
1351 1283 1410 1334 in
1438 1284 1678 1350 aliquam
1708 1297 1900 1350 parum

294 1349 557 1400 memoris
592 1348 765 1402 'animi
794 1352 1170 1416 suspicionem
1215 1350 1450 1418 ongiore
1471 1349 1696 1403 silentio
1719 1353 1900 1402 incur-

295 1427 441 1468 rere.
511 1415 713 1468 Habeo
754 1425 937 1468 autem
974 1419 1033 1470 in
1052 1418 1308 1470 manibus
1331 1433 1454 1470 cum
1475 1417 1588 1468 alia
1607 1418 1900 1498 quaedam,

297 1488 413 1534 tum
457 1481 681 1535 loannis
732 1483 1094 1538 Grammatici
1140 1485 1573 1537 commentarios
1621 1500 1679 1535 1n
1724 1483 1903 1535 libros

296 1550 517 1615 priores
554 1550 682 1601 anal
727 1552 962 1603 ticon-um
981 1550 1306 1604 Aristotelis
1331 1588 1346 1614 ,
1389 1567 1530 1617 quos
1559 1551 1628 1601 ab
1661 1552 1786 1602 aliis
1805 1552 1907 1601 mi-

299 1616 531 1667 serrime
568 1632 633 1667 ac
693 1618 995 1669 oedissime
1044 1619 1378 1683 depravatos
1412 1615 1710 1667 emendare
1749 1624 1808 1673 et
1847 1618 1908 1667 in

298 1680 563 1733 Latinum
600 1697 912 1734 sermonem
952 1690 1280 1734 convertere
1317 1683 1540 1733 molior.
1610 1682 1676 1745 Ii,
1697 1683 1908 1734 ubi-ab·

300 1748 477 1801 soluti
497 1753 675 1809 erunt,
688 1748 745 1801 in
764 1755 861 1800 tuo
883 1750 993 1815 ipsi
1013 1764 1234 1817 quoque
1253 1749 1496 1808 nomine,
1511 1749 1558 1798 si
1575 1754 1636 1799 tu
1655 1750 1906 1817 patim-ip,

306 1813 559 1866 edentur.
629 1813 789 1866 Vale.
810 1816 873 1867 A.
900 1817 953 1867 d.
979 1830 1059 1867 rx.
1080 1815 1318 1867 Kalend.
1339 1813 1639 1870 Novembr.
1665 1830 1846 1869 Μυκη.

807 2075 971 2133 xxl.
1014 2081 1400 2134 MURETUS

728 2178 1033 2241 *⁸2²⁰M0
1070 2179 1244 2215 zeno
1284 2180 1332 2216 s·
1368 2167 1482 2229 ω)

378 2228 453 2314 Ο
475 2264 550 2317 mi
571 2264 745 2326 Zene,
767 2280 927 2332 quam
950 2271 1033 2327 te,
1055 2280 1217 2331 quam
1237 2264 1466 2315 fratrem
1487 2270 1666 2324 tuum,
1688 2276 1906 2327 unaque

303 2330 670 2383 Natanaelum
707 2338 959 2384 nostrum
997 2331 1148 2383 fauit
1186 2332 1404 2397 opinio,
1446 2329 1496 2379 si
1523 2344 1702 2379 meam
1721 2325 1813 2378 hic
1832 2330 1910 2378 vi-

305 2406 419 2450 tum
437 2398 735 2450 iucundam
756 2412 883 2450 esse
913 2398 1169 2449 creditis!
1203 2395 1414 2448 Mihine
1434 2395 1679 2445 iucunda
1699 2394 1818 2444 vita
1837 2395 1914 2445 sit

306 2466 532 2527 misero,
554 2480 715 2531 quem
736 2465 969 2516 alterum
996 2466 1106 2515 iam
1135 2469 1194 2515 et
1210 2462 1534 2513 vicesimum
1563 2460 1710 2510 diem
1734 2456 1912 2511 febris

359 2565 403 2617 ⁸)
433 2564 556 2618 Epp.
576 2566 645 2606 21.
668 2566 737 2607 22.
756 2566 824 2607 2³.
852 2562 1090 2605 sumsimus
1118 2574 1146 2605 e
1173 2559 1340 2603 Mureti
1358 2556 1600 2613 opusculi·
1618 2559 1772 2610 vulin,
1793 2557 1854 2601 T.
1871 2556 1911 2601 1.

307 2632 354 2676 p.
372 2622 469 2663 ³12.
488 2618 691 2665 Ruhnk..
1805 2621 1812 2627 ’
