2275 3025
624 127 883 180 EPIST.
922 127 1074 177 Lm.
1111 109 1378 180 insse.
1416 128 1666 180 Lxxx.
1839 126 1942 180 311

340 227 413 290 vi,
435 227 593 288 clam,
615 228 869 292 precario
890 227 1198 292 possident,
1226 234 1288 280 ut
1309 229 1545 294 denique
1567 230 1826 292 omnium,
1850 232 1939 297 qui

342 295 524 345 sciunt
556 309 617 343 se
656 294 894 343 alienum
934 292 1242 358 possidere.
1329 295 1592 345 Possidet
1618 298 1809 360 igitur,
1849 297 1940 361 qui

340 375 456 410 rem
477 359 643 410 habet
665 362 721 408 in
747 364 1050 423 potestate3
1092 359 1259 424 idque
1283 362 1460 427 magis
1483 376 1552 411 ex
1573 358 1676 421 his,
1699 376 1840 426 quae
1864 362 1940 410 di·
2011 363 2018 372 ”

342 441 481 487 cam,
503 426 742 490 intelligi
776 431 978 489 potest.
1048 423 1249 475 Feram
1295 429 1413 492 cepi
1453 441 1684 492 eamque
1715 426 1939 476 inclusi:

343 492 634 557 possidere
669 491 843 540 dicor.
915 490 1109 542 Evasit
1153 507 1182 542 e
1223 494 1511 544 custodia}
1558 508 1668 544 non
1708 493 1941 557 amplius

341 557 631 623 possideo:
671 573 779 606 non
804 557 947 607 enim
968 555 1147 609 habeo
1170 573 1290 609 eam
1312 561 1546 625 amplius
1568 563 1622 610 in
1646 565 1941 625 potestate.

341 623 631 673 Aberravit
650 637 819 687 pecus
840 617 1053 686 meum3‘
1081 641 1180 674 vas
1202 625 1283 676 ita
1302 627 1528 688 excidit,
1559 633 1618 676 ut
1641 625 1945 728 qoeuanilibet

346 689 645 754 diligenter
722 690 988 739 uaesitum
1028 693 1262 757 reperiri
1316 707 1424 742 non
1473 693 1681 757 possit.
1745 690 1941 741 desino

343 755 652 820 possidere,
683 705 759 804 (L.
794 755 903 806 Sed
945 754 1053 806 h'oc
1074 758 1212 808 iure.
1237 758 1286 822 5.
1311 759 1510 809 Nerva.
1532 757 1600 808 D.
1625 756 1731 808 hoc
1756 757 1941 807 titulo.

344 820 620 886 Subi-epta
654 819 787 870 mihi
826 836 915 872 res
952 821 1103 873 furto
1147 823 1267 874 est?
1307 823 1430 874 Non
1471 826 1601 875 ideo
1629 824 1788 874 amisi
1823 824 1942 873 eius

378 889 757 954 roprietatem.
828 888 1020 952 ltaque
1056 889 1294 940 ubilibet
1323 897 1596 957 repertam
1627 889 1939 940 vindicabo.

386 954 452 1003 ed
473 954 695 1004 interim
735 954 893 1003 amisi
928 957 1361 1019 possessionem.
1431 957 1504 1006 Et
1528 955 1636 1006 hoc
1667 963 1770 1016 est,
1795 955 1943 1021 quod

312 1045 323 1054 ·
341 1022 421 1071 ait
441 1020 729 1080 Scaevola,
754 1019 959 1070 furtum
982 1021 1158 1070 solius
1177 1024 1552 1087 possessionis
1574 1023 1714 1082 fieri,
1746 1021 1812 1072 L.
1835 1020 1941 1087 pri-

340 1102 430 1137 ma
449 1087 499 1150 5.
523 1087 811 1138 Scaevola.
835 1086 902 1134 D.
929 1087 974 1136 si
997 1088 1045 1136 is
1068 1088 1160 1152 qui
1193 1094 1508 1138 testament.
1530 1087 1626 1137 lib.
1651 1096 1755 1137 etc.
1796 1087 1942 1146 Quo·

340 1152 507 1202 modo
547 1152 720 1217 igitur
759 1159 1025 1218 purgatur
1062 1153 1255 1203 vitium
1282 1155 1363 1203 rei
1394 1153 1664 1204 furtivae‘ss
1703 1152 1758 1205 Si
1783 1155 1942 1203 resti-

339 1225 529 1271 tuatur
548 1219 694 1285 quod
720 1225 966 1282 ereptum
989 1225 1098 1279 est,
1117 1220 1177 1269 id
1206 1227 1316 1281 est,
1346 1219 1394 1269 sl
1423 1234 1514 1270 res
1541 1220 1738 1270 redeat
1762 1222 1818 1270 in
1847 1233 1942 1284 po-

341 1286 590 1348 tentiam,
621 1284 684 1334 L.
716 1291 925 1350 quarta.
968 1285 1019 1348 5.
1063 1284 1225 1345 Quod
1260 1292 1460 1336 autem.
1492 1285 1558 1335 D.
1581 1287 1650 1337 de
1671 1301 1856 1351 usurp.
1889 1293 1946 1335 et

342 1367 567 1418 usucap.
639 1352 722 1400 Ex
760 1350 865 1401 hoc
895 1367 1132 1417 quoque.
1157 1352 1441 1420 intelligas
1474 1354 1633 1418 licet,
1674 1359 1788 1404 tum
1827 1366 1944 1402 rem

343 1418 636 1486 possideri,
659 1433 778 1468 cum
804 1423 889 1468 est
906 1420 961 1468 in
984 1423 1282 1484 potestate.

724 1534 993 1571 DIVISIO
1048 1534 1555 1572 Posssssslonts.
1607 1546 1622 1550 ·

442 1622 556 1671 lam
594 1618 798 1667 habere
843 1620 1043 1683 aliquis
1080 1622 1135 1668 in
1177 1626 1458 1683 potestate
1492 1635 1593 1670 sua
1623 1635 1741 1669 rem
1761 1624 1948 1683 potest

347 1688 563 1736 duobus
594 1682 801 1733 modisi
840 1692 934 1731 aut
961 1686 1081 1731 sine
1107 1684 1226 1731 ullo
1265 1683 1429 1732 titulo
1462 1692 1558 1733 aut
1580 1686 1729 1734 iusto
1759 1684 1945 1749 aliquo

347 1751 529 1809 titulo,
554 1749 609 1797 id
633 1755 735 1806 est,
758 1748 850 1811 qui
874 1750 994 1797 iure
1017 1748 1166 1797 civili
1203 1748 1468 1812 probatus
1496 1750 1586 1800 sit.
1656 1749 1756 1799 llle
1794 1756 1946 1798 natu-

336 1816 543 1866 -raliter
562 1820 770 1863 tantum
791 1815 908 1863 sive
931 1813 1301 1879 corporaliter
1320 1814 1589 1879 possidet,
1602 1822 1675 1877 et,
1696 1824 1758 1865 ut
1777 1814 1948 1874 aiunt,

348 1896 449 1948 pro
473 1892 827 1945 possessore,
863 1877 930 1929 L.
959 1893 1060 1944 pro
1094 1877 1321 1941 herede,
1362 1895 1481 1929 cum
1510 1880 1575 1931 L.
1607 1881 1860 1948 sequenti
1893 1884 1950 1929 et

351 1947 625 1999 similibus
647 1945 713 1993 D.
737 1946 803 1994 de
828 1944 1015 1995 hered.
1038 1952 1150 2010 pet.
1224 1946 1330 2005 Qui
1352 1962 1474 1996 cum
1494 1947 1657 1998 titulo
1680 1946 1948 2015 possidet,

352 2022 446 2064 aut
465 2011 629 2063 titulo
655 2013 848 2061 nititur
868 2018 923 2061 et
946 2013 1094 2061 iusto
1116 2018 1175 2061 et
1193 2027 1351 2064 vero:
1393 2020 1558 2079 atque
1581 2013 1670 2065 hic
1691 2030 1800 2065 non
1824 2028 1948 2077 pos·

352 2094 543 2131 sessor
563 2079 728 2128 modo
752 2084 855 2139 est,
876 2077 975 2129 sed
998 2079 1270 2140 domimm,
1302 2086 1362 2129 ut
1383 2081 1471 2145 qui
1497 2083 1628 2131 emit
1647 2097 1679 2131 a
1701 2081 1948 2140 domium

352 2153 448 2197 aut
468 2147 617 2194 iusto
640 2145 877 2208 quidem,
900 2144 999 2195 sed
1022 2162 1128 2197 non
1153 2160 1313 2195 vero:
1342 2152 1404 2196 ut
1425 2149 1513 2213 qui
1538 2163 1571 2196 a
1592 2164 1701 2196 non
1725 2146 1947 2195 domino

350 2213 623 2263 insciente
646 2212 887 2261 insciens
910 2213 1060 2270 emit,
1082 2211 1137 2260 id
1164 2218 1248 2261 est
1265 2226 1389 2261 cum
1426 2221 1481 2262 et
1502 2220 1681 2264 emtor
1703 2212 1948 2262 vendito·

351 2295 466 2331 rem
490 2284 546 2327 et
568 2278 684 2342 ipse
707 2293 765 2326 se
789 2277 1043 2327 venditor
1064 2278 1212 2326 iusto
1237 2292 1426 2327 errore
1451 2278 1647 2329 ductus
1669 2278 1948 2327 dominum

349 2352 584 2413 putaret.
656 2345 832 2409 Atque
853 2342 943 2393 hic
961 2344 1214 2392 dominus
1238 2343 1456 2408 quidem
1480 2360 1586 2393 non
1613 2350 1720 2393 est:
1746 2345 1948 2457 (neque

352 2413 497 2463 enim
513 2412 694 2475 potuit
713 2425 746 2459 a
767 2425 873 2459 non
896 2410 1119 2459 domino
1143 2408 1397 2458 dominus
1420 2410 1804 2460 fie1·iL.Nemo
1826 2425 1858 2475 p
1886 2424 1947 2457 us

350 2480 506 2539 iuris,
524 2477 591 2527 de
607 2476 816 2541 regulis
836 2475 1030 2536 iurist)
1056 2474 1155 2524 sed
1169 2481 1262 2523 est
1274 2474 1456 2525 bonae
1481 2478 1606 2526 fidei
1631 2490 1946 2542 possessor:

352 2552 409 2596 et
438 2546 610 2609 longa
641 2558 707 2592 ac
743 2542 1006 2592 continua
1033 2543 1392 2605 possessione
1429 2541 1682 2594 dominus
1719 2542 1786 2593 de
1821 2542 1944 2606 lege

350 2613 493 2662 effici
518 2614 721 2676 potest,
746 2615 869 2660 toto
889 2609 978 2659 tit.
1004 2606 1074 2658 de
1092 2620 1280 2672 usurp.
1305 2614 1362 2658 et
1385 2624 1612 2676 usucap.
1682 2609 1792 2660 Hic
1816 2606 1946 2657 dici-
