2275 3025
511 155 767 229 Epi-ST.
805 156 958 208 Lm.
994 155 1036 209 l.
1075 156 1190 209 ΕΡ.
1226 156 1479 210 XLVII.
1719 157 1788 208 ’Π

194 260 468 311 contineo
489 272 608 309 me:
645 264 727 320 et,
756 271 875 308 cum
898 257 1145 325 quotidie
1166 257 1234 309 de
1256 264 1311 309 te
1333 260 1600 324 cogitem,
1633 265 1787 310 vota-

197 340 312 393 que
327 362 343 387 ,
361 326 448 376 uti
467 324 644 376 debeo
657 361 670 387 ‚
729 339 791 374 ro
813 331 909 375 tua
927 324 1103 375 salute
1125 331 1291 392 atque
1311 325 1687 377 incolumitate
1709 325 1789 376 fa-

199 396 364 455 ciam,
386 394 442 443 in
462 391 678 443 scriben
721 390 1273 459 osumrarior,neque
1296 406 1528 458 unquam
1547 392 1604 443 id
1622 390 1790 456 facio,

199 459 317 511 nisi
334 474 458 511 cum
477 456 687 525 aliquid
707 459 934 521 accidit,
955 464 1032 521 ut,
1052 459 1161 510 nisi
1181 458 1457 525 scripsero
1473 495 1488 520 ,
1510 459 1692 509 officio
1713 461 1791 511 vi-

203 526 344 579 dear
369 524 678 577 defuturus.
750 525 925 586 Quale
955 531 1065 589 est,
1095 525 1243 594 quod
1270 540 1358 575 me
1387 523 1493 576 hoc
1520 532 1789 591 tempore,

203 600 270 645 ut
287 593 613 655 scriberem,
635 592 878 644 adduxit.
951 593 1086 644 Cum
1104 596 1250 645 enim
1273 607 1446 661 nuper
1464 598 1595 643 octo
1616 592 1791 643 varia-

203 674 330 711 rum
348 660 648 711 lectionum
670 660 842 711 libros
865 660 1187 713 edidissem:
1228 660 1336 712 etsi
1357 660 1495 711 satis
1514 660 1792 741 intellige-

203 726 358 789 bam,
387 742 485 779 eos
513 726 751 778 leviores
778 742 927 789 esse,
959 742 1120 795 quam
1146 734 1209 778 ut
1226 734 1312 789 tu,
1340 741 1499 795 qnem
1527 726 1663 779 nihil
1686 727 1790 777 msi

246 795 551 851 raeclarum
583 800 744 862 atque
767 795 1024 845 eximium
1045 796 1215 861 capit,
1245 795 1410 846 ullam
1430 810 1682 862 magnam
1698 808 1792 844 vo·

232 867 478 929 uptatem
503 876 571 914 ex
601 877 790 913 eorum
824 861 1064 913 lectione
1096 864 1379 942 percipere
1399 877 1617 928 posses:
1654 859 1795 912 iudi-

212 929 332 980 cavi
361 933 569 990 tamen,
597 928 817 980 omnino
849 926 983 978 mihi
1002 926 1309 980 faelendum
1345 943 1494 989 esse,
1525 935 1584 979 ut
1604 944 1795 979 eorum

210 995 492 1061 exemplar
510 1011 674 1046 unum
693 995 764 1046 ad
777 1001 834 1051 te
854 995 1151 1056 mitterem,
1188 1009 1365 1061 neque
1391 995 1653 1057 dubitavi,
1665 996 1797 1061 quin

209 1068 274 1114 tu
303 1076 400 1113 eos
427 1061 662 1113 libenter
687 1068 1011 1127 accepturus
1037 1075 1215 1125 esses3
1250 1060 1340 1111 vel
1370 1060 1499 1127 quia
1518 1062 1627 1111 mei
1650 1068 1794 1123 sunt,

210 1129 301 1181 vel
319 1131 447 1197 quia
465 1129 656 1195 scripti
676 1128 746 1179 ad
767 1143 887 1179 eum
905 1164 919 1189 ,
940 1128 1034 1194 qui
1054 1134 1114 1178 ut
1134 1142 1169 1177 a
1186 1135 1243 1178 te
1275 1128 1357 1179 sin
1402 1127 1634 1178 ulai-iter
1652 1143 1795 1179 ama-

207 1198 409 1258 tur,ita
425 1201 483 1248 te
503 1196 622 1263 ipse
643 1195 954 1247 admirabili
975 1208 1084 1247 non
1104 1208 1293 1247 amore
1314 1210 1377 1247 so
1404 1211 1511 1256 um,
1524 1196 1624 1247 sed
1644 1193 1794 1246 cultu

211 1264 427 1316 medius
447 1257 609 1315 fidius
629 1268 791 1331 atque
811 1263 1163 1314 observantia
1180 1262 1549 1344 prosequitur.
1618 1262 1795 1315 Unum

213 1336 322 1394 est,
353 1331 499 1399 quod
529 1342 835 1398 quanquam
857 1329 993 1381 mihi
1021 1345 1279 1382 conscius
1301 1346 1448 1393 sum,
1474 1345 1563 1382 me
1584 1332 1792 1396 optimo

211 1400 392 1451 animo
423 1397 650 1460 fecisse,
678 1404 885 1461 tamen,
908 1400 1037 1465 quia
1057 1398 1175 1450 fieri
1197 1403 1409 1465 potest,
1436 1404 1498 1449 ut
1518 1397 1794 1449 confiden-

210 1466 322 1518 tius
345 1466 406 1517 in
435 1480 503 1517 eo
531 1479 620 1517 me
641 1465 935 1533 gesserim,
963 1480 1124 1534 quam
1148 1465 1408 1529 decebat,
1446 1466 1715 1532 perillam
1738 1471 1795 1516 et

211 1533 338 1585 aliis
379 1539 437 1585 et
454 1530 587 1585 mihi
604 1533 1207 1602 inprimisperspectam
1221 1532 1613 1585 humanitatem
1621 1539 1793 1593 tuam,

211 1599 344 1652 mihi
367 1605 426 1652 ut
441 1600 698 1668 ignoscas
713 1637 727 1662 ,
749 1603 914 1652 etiam
935 1607 993 1651 at
1031 1615 1098 1650 ue
1120 1600 1287 1650 etiam
1307 1614 1340 1649 a
1355 1606 1414 1650 te
1433 1605 1581 1663 peto.
1617 1598 1793 1649 Ausus

213 1669 360 1720 enim
385 1683 504 1719 sum
536 1667 772 1734 quodam
799 1681 874 1718 ex
901 1668 981 1717 eis
1025 1667 1161 1717 ibris
1182 1665 1370 1728 loco*)
1406 1667 1691 1717 nominare
1706 1671 1791 1725 te,

213 1749 280 1785 ac
301 1749 489 1786 versus
510 1736 676 1786 etiam
698 1735 915 1800 aliquot
929 1746 1163 1801 ponere,
1187 1732 1280 1798 qui
1300 1729 1432 1782 mihi
1449 1734 1507 1782 in
1531 1732 1797 1782 memoria

213 1799 506 1854 haeserant
531 1817 601 1854 ex
629 1801 866 1867 edylliu,
894 1800 1042 1867 quod
1069 1798 1203 1851 olim
1232 1799 1302 1850 ad
1324 1805 1380 1850 te
1400 1799 1525 1849 misi
1544 1814 1653 1850 una
1670 1813 1791 1850 cum

211 1869 528 1936 tragoedia,
557 1883 718 1935 quam
745 1867 814 1918 de
835 1866 893 1918 G.
916 1867 1172 1918 Caesaris
1203 1866 1373 1918 caede
1397 1865 1599 1918 factam
1617 1866 1673 1917 in
1692 1873 1791 1918 tuo

211 1937 431 1988 nomine
457 1935 884 2002 divulgaveram.
954 1934 1076 1995 Qua
1107 1935 1163 1986 in
1190 1949 1250 1985 re
1278 1935 1327 1985 si
1352 1935 1482 2003 quid
1502 1949 1535 1984 a
1554 1950 1640 1985 me
1668 1948 1793 2001 pec-

215 2011 392 2056 catum
405 2010 508 2066 est,
521 2002 684 2063 (nihil
701 2003 846 2054 enim
868 2001 1163 2054 debueram
1183 2009 1239 2054 te
1260 2002 1576 2054 inconsulto
1588 2002 1794 2058 facere,

213 2073 536 2138 praesertim
559 2085 681 2122 cum
697 2076 754 2135 te
775 2069 1028 2122 Venetiis
1047 2071 1483 2132 convenissem,)
1507 2074 1793 2142 peccatum

215 2144 300 2190 est
333 2137 649 2190 incredibili
686 2138 918 2206 quadam
954 2138 1289 2189 abundantia
1324 2137 1527 2189 amoris
1566 2149 1701 2202 erga
1734 2141 1792 2185 te

211 2209 346 2257 mei:
385 2221 544 2274 quam
571 2211 634 2257 ut
659 2221 836 2272 aequo
864 2205 1046 2257 animo
1068 2204 1243 2267 feras,
1271 2205 1523 2256 omnibus
1544 2217 1578 2252 a
1594 2209 1652 2252 te
1673 2213 1791 2268 pre·

211 2274 365 2326 cibus
411 2279 574 2339 atque
606 2273 752 2324 omni
795 2272 1184 2324 obsecratione
1211 2271 1505 2323 contendo.
1574 2268 1791 2320 Etenim

209 2356 339 2393 vere
371 2339 478 2392 hoc
506 2340 682 2391 dicam
697 2376 711 2402 ,
737 2338 876 2391 nihil
900 2339 1119 2391 videtur
1137 2353 1263 2393 esse
1282 2339 1365 2388 ita
1383 2335 1605 2388 difficile
1625 2341 1788 2402 atque

207 2407 459 2469 arduum,
500 2407 557 2458 in
595 2421 705 2473 quo
745 2421 850 2472 ego
893 2415 1120 2473 paratus
1158 2421 1269 2456 non
1306 2405 1409 2455 sim
1434 2403 1701 2454 voluntati
1730 2410 1789 2455 et

207 2475 525 2528 auctoritati
555 2480 682 2524 tuae
719 2487 928 2524 morem
953 2486 1167 2541 gerere.
1236 2471 1413 2522 Unum
1440 2476 1551 2532 est,
1590 2469 1647 2520 in
1677 2484 1785 2537 quo

205 2542 330 2608 tibi,
361 2558 430 2594 ne
451 2542 581 2610 quid
598 2540 962 2601 dissimulem,
993 2554 1104 2590 non
1122 2551 1344 2603 possem
1380 2537 1486 2587 nisi
1520 2535 1785 2588 invitissi-

205 2623 324 2662 mus
360 2610 765 2676 obtemperaret
803 2608 852 2658 si
875 2621 964 2658 me
1001 2605 1225 2656 iuberes
1244 2609 1431 2654 tacere
1458 2603 1527 2654 de
1548 2603 1662 2654 tuis
1679 2601 1785 2650 vir-

263 2688 306 2745 ·)
337 2689 445 2732 Var.
465 2688 578 2732 Lect
610 2685 743 2732 vm.
766 2691 805 2728 1.
