2275 3025
374 193 472 244 182
912 189 991 242 M.
1025 191 1087 242 A.
1122 177 1438 243 MURETI

373 292 637 345 traditum
659 291 762 354 sit,
804 291 914 342 duo
946 305 1073 342 esse
1108 293 1406 359 praecipua
1429 290 1688 357 poeticae
1709 289 1976 344 dictionis

282 391 291 396 -
377 365 716 418 ornamenta,
755 353 815 405 τὸ
842 359 996 422 σαφὲς
1016 359 1101 406 καὶ
1122 355 1182 406 τὸ
1201 355 1412 421 ξενικόν,
1432 359 1532 408 illo
1553 358 1835 420 Tibullus,
1865 357 1978 410 hoc

376 425 701 490 Propertius
724 422 1001 475 excellere
1020 424 1256 476 videtur.
1325 425 1557 475 Mollior
1571 425 1672 474 ille
1693 431 1750 475 et
1766 425 1976 475 ›delica-

378 492 517 552 tior,
538 491 831 548 nervosior
862 489 958 540 hic
990 496 1048 540 et
1082 493 1418 554 accuratior3
1461 490 1562 541 illo
1607 492 1787 557 magis
1821 491 1976 542 oble·

290 608 305 622 e
380 565 531 609 ctere
545 593 560 616 ,
583 556 725 607 hunc
745 558 943 634 magis,
957 563 1017 606 ut
1036 557 1252 621 opinor,
1275 557 1741 620 admirere;illum
1757 557 1976 608 iudices

380 623 685 688 simplicius
714 623 1039 688 scripsisse,
1075 636 1217 687 quae
1254 625 1556 689 cogitaret,
1577 622 1720 674 hunc
1742 623 1976 689 diligen·

378 691 493 742 tius
513 689 796 755 cogitasse
811 723 828 749 ,
866 688 999 754 quid
1024 689 1326 751 scriberet3
1365 690 1422 740 in
1453 690 1556 739 illo
1576 689 1700 756 plus
1721 693 1975 750 nuturae,

378 757 436 806 in
458 754 564 806 hoc
584 755 706 820 plus
728 768 893 804 curae
913 758 1077 819 atque
1105 755 1414 805 industriae
1444 755 1974 821 fuisse-perspicias.

383 822 539 882 Quae
560 836 681 871 cum
700 822 782 870 ita
800 833 863 870 se
884 817 1150 882 habeant,
1171 821 1500 887 perdifficile
1519 829 1633 882 est,
1673 821 1976 872 decernere

382 903 449 940 ac
470 889 841 947 constituere,
862 892 988 937 uter
1006 886 1166 938 alteri
1188 893 1448 954 praestet.
1521 887 1660 938 Nam
1693 888 1741 938 si
1801 887 1976 937 raeci·-
2019 899 2022 902 ’

380 968 491 1021 pua
508 953 631 1004 laus
657 955 945 1019 poetarum
963 955 1021 1004 in
1040 954 1354 1005 imitatione
1375 955 1657 1004 consistit:
1694 955 1767 1004 mi
1809 956 1830 1004 i
1857 953 1976 1018 qui·

382 1022 509 1074 dem
546 1020 789 1070 videtur*
803 1020 1059 1072 Tibullus
1092 1021 1280 1073 varios
1311 1020 1442 1070 illos
1464 1019 1782 1070 fluctuantis
1805 1019 1978 1068 animi

380 1093 583 1148 motus,
608 1086 805 1153 quibus
825 1091 1073 1137 amantes
1095 1086 1298 1152 agitari
1319 1087 1531 1147 solent,
1572 1087 1770 1136 melius
1792 1085 1976 1136 imita·

380 1161 472 1204 tus
494 1167 645 1214 esse3
686 1155 789 1213 sin,
824 1158 886 1202 ut
904 1152 1148 1219 quidque
1175 1152 1244 1202 ad
1265 1152 1530 1218 optimum
1550 1153 1799 1218 proxime
1820 1165 1979 1202 acce·

383 1220 483 1279 dit,
503 1221 585 1269 ita
603 1220 780 1284 ipsum
802 1234 1021 1285 quoque
1044 1220 1308 1284 optimum
1333 1218 1688 1270 iudicandum
1719 1224 1828 1272 est:
1859 1231 1978 1268 cre·
2073 1258 2084 1263 ,

383 1285 617 1335 diderint
646 1299 797 1344 sane,
830 1291 1078 1334 veterum
1108 1285 1333 1334 illorum
1355 1284 1695 1343 Graecorum
1733 1299 1798 1336 ac
1821 1299 1978 1350 prae-

384 1353 543 1416 cipue
566 1348 888 1401 Callimachi
925 1349 1278 1414 Propertium
1297 1349 1444 1402 haud
1463 1351 1629 1419 paulo
1652 1351 1979 1402 similiorem

381 1417 559 1468 fuisse
573 1433 587 1466 t
601 1431 735 1488 ‘qua
754 1415 919 1465 etiam
942 1415 1146 1466 fiducia
1163 1419 1284 1483 ipse
1301 1432 1362 1467 se
1390 1418 1696 1468 Romanum
1724 1417 1980 1467 Callima·

386 1483 515 1535 dum
532 1496 735 1533 vocare
756 1497 923 1533 ausus
941 1488 1047 1532 est.
1067 1483 1119 1545 *)
1191 1482 1301 1535 Sed
1325 1481 1462 1535 hacc
1483 1490 1606 1535 utut
1623 1490 1750 1535 sunt
1760 1520 1776 1546 ,
1799 1497 1980 1550 neque

385 1558 635 1602 nostrum
675 1556 779 1612 est,
802 1564 981 1616 neque
1002 1550 1327 1617 cuiusquam
1349 1550 1586 1602 hominis
1625 1550 1884 1616 pudentis
1921 1555 1982 1600 et

386 1618 725 1669 considerati
747 1652 765 1679 ,
803 1631 911 1682 qua
930 1615 999 1667 de
1019 1631 1081 1667 re
1101 1623 1320 1669 veteres
1360 1618 1480 1681 illi,
1513 1633 1746 1686 quorum
1779 1616 1888 1667 fuit
1925 1622 1984 1667 et

388 1684 643 1736 doctrina
660 1686 837 1735 maior
876 1690 936 1734 et
959 1684 1226 1734 iudicium
1266 1687 1466 1749 acrius,
1487 1701 1597 1736 non
1618 1685 1832 1753 liquere
1855 1696 1984 1750 pro·

386 1752 743 1811 nunciarunt,
785 1751 853 1801 de
876 1764 944 1800 ea
962 1752 1101 1802 certi
1122 1752 1414 1819 quicquam
1436 1754 1774 1803 constituere
1791 1789 1806 1814 ,
1841 1758 1900 1802 et
1917 1750 1983 1800 li-r

386 1825 500 1867 tem
520 1817 820 1869 secundum
840 1818 1164 1869 alterutrum
1187 1818 1335 1869 dare.
1361 1818 1546 1869 Satius
1565 1818 1754 1881 fuerit,
1776 1825 1985 1869 utrum-

390 1895 497 1947 que
518 1884 769 1933 studiose
790 1897 855 1932 ac
876 1884 1178 1951 diligenter
1197 1886 1480 1947 evolvere,
1504 1886 1792 1952 utriusque
1814 1887 1986 1936 virtu-

390 1954 479 1999 tes
500 1953 757 1999 accurate
794 1951 1168 2016 perpendere,
1215 1958 1506 2018 utrumque
1547 1951 1656 2003 sibi
1673 1952 1744 2003 ad
1767 1952 1988 2003 imitan-

392 2012 519 2064 dum
550 2026 895 2078 proponere,
917 2017 963 2063 si
1006 2016 1224 2080 quando
1255 2016 1406 2069 forte
1440 2033 1542 2069 nos
1569 2018 1637 2068 ad
1664 2017 1988 2069 tentandum

388 2078 537 2131 idem
555 2080 826 2144 poematis
848 2093 1023 2145 genus
1050 2088 1146 2133 aut
1162 2081 1420 2135 voluntas
1439 2084 1696 2147 adducet,
1717 2090 1815 2153 aut
1829 2090 1988 2133 natu-

390 2160 489 2197 rae
506 2146 745 2211 impetus
766 2143 927 2195 feret.
1000 2146 1158 2207 Quae
1182 2162 1288 2213 ego
1313 2152 1514 2212 omnia,
1529 2150 1826 2201 Francisce
1838 2149 1990 2201 Gon·

392 2228 553 2279 zaga,
566 2217 826 2280 quantum
850 2212 1073 2279 quidem
1090 2214 1150 2264 in
1168 2227 1257 2265 me
1275 2214 1400 2278 fuit,
1412 2232 1625 2267 summo
1647 2218 1832 2267 studio
1853 2216 1989 2266 ado-

391 2280 611 2331 lescens
642 2278 923 2341 factitayi3
960 2294 1072 2331 non
1106 2281 1254 2331 enim
1272 2281 1440 2333 facile
1459 2284 1832 2335 concesserim
1849 2280 1989 2332 mul·

390 2346 483 2406 tis,
524 2344 741 2411 quibos
760 2347 957 2411 poetas
978 2351 1077 2397 aut
1102 2348 1326 2413 saepius
1355 2355 1452 2399 aut
1485 2350 1795 2400 accuratius
1835 2348 1990 2414 legea

389 2412 523 2472 rint,
544 2418 639 2461 aut
657 2426 790 2463 vero
806 2412 931 2479 plus
952 2426 1156 2479 operae
1178 2417 1470 2479 posuerint
1485 2417 1543 2466 in
1560 2430 1753 2467 eorum
1775 2413 1990 2465 virtuti-

390 2476 494 2529 bus
515 2478 781 2533 imitando
802 2480 1194 2546 exprimendis.
1263 2481 1349 2531 Ex
1368 2497 1476 2547 quo
1508 2488 1692 2533 autem
1717 2483 1775 2531 in
1800 2474 1890 2531 me
1907 2480 1993 2529 iu-

390 2542 588 2593 venilis
605 2542 721 2603 illa,
745 2558 853 2609 qua
872 2545 1055 2597 studia
1074 2546 1296 2610 poetica
1313 2546 1596 2609 foventur,
1614 2548 1875 2598 alacritas
1896 2546 1993 2597 de·

390 2605 599 2687 ferbuit
614 2642 629 2668 ,
661 2609 1007 2679 animumque
1031 2612 1138 2663 sibi
1159 2627 1342 2666 meum
1359 2615 1679 2681 graviorum
1699 2620 1764 2691 eg
1774 2612 1880 2666 hae
1900 2626 1993 2665 ae-

449 2686 491 2741 ·)
528 2687 599 2729 cf.
619 2686 709 2729 111.
734 2692 769 2730 ι.
788 2691 847 2731 in.
