2275 3025
411 128 512 178 3⁰⁰
940 131 1023 180 Μ.
1058 131 1121 180 Δ.
1156 128 1271 180 Mn
1282 129 1471 178 RETl

544 223 797 278 Lxxu.
827 225 910 276 M.
945 225 1367 278 ANTONIUS
1400 226 1800 280 MURETUS
1825 230 1881 291 ¹⁶)

577 321 627 359 Β.
666 323 727 358 n.
763 323 1295 360 cums-tornesio
1336 323 1673 360 rosim-{No
1716 323 1861 360 suo.

479 373 677 470 Vide,
705 422 848 474 quae
869 411 947 460 sit
963 409 1055 459 vel
1090 409 1511 461 tabellariorum
1546 408 1901 474 negligentia
1930 411 2037 460 vel

413 481 722 539 temporum
757 475 1070 526 difficultas.
1139 475 1311 527 Binas
1350 475 1567 524 litteras
1604 481 1749 535 tuas,
1784 489 2035 540 quarum

413 540 630 605 priores
653 539 869 590 decimo
891 539 1287 600 dieootobris,
1306 540 1653 606 posteriores
1682 539 1773 589 die
1806 541 2031 590 duode-

415 606 559 658 cimo
580 604 906 658 Decembris
934 606 1097 659 datae
1123 612 1302 666 erant,
1338 620 1433 656 eas
1456 611 1724 672 utrasque
1754 621 1879 656 cum
1908 607 2027 656 ali·

452 678 551 724 uot
569 673 844 736 capitibus
863 675 1136 724 variarum
1158 671 1487 724 Lectionum
1516 685 1759 721 mearum
1780 677 1838 720 et
1856 677 2027 735 parte

464 737 733 792 lectorum
744 737 921 804 Lipsii
934 739 1013 800 **)
1027 739 1217 802 accepi
1228 737 1497 788 Kalendis
1506 737 1811 787 Februarii.
1835 736 2027 804 Saepe

413 805 526 854 iam
561 802 636 854 ad
671 809 729 854 te
765 804 992 868 scripsi‚-
1019 818 1088 856 ne
1121 803 1291 854 ullam
1313 803 1477 854 aliam
1496 801 1898 869 praefationem
1922 817 2022 856 ex-

415 873 716 934 spectares,
737 869 838 918 sed
859 883 926 919 ea
941 871 1078 935 ipsa,
1110 884 1253 934 quae
1272 875 1401 920 octo
1418 868 1702 934 prioribus
1723 868 1881 918 libris
1904 869 2023 918 iam

415 933 628 1000 pridem
647 935 938 1000 proposita
963 940 1067 996 est,
1107 937 1227 987 sine
1267 935 1381 988 ulla
1417 937 1723 984 mutatione
1763 941 2021 996 uterere;

415 1001 517 1050 sed
543 999 726 1062 video,
768 1002 968 1052 multas
1003 1015 1158 1052 meas
1195 1002 1267 1052 ad
1299 1007 1356 1052 te
1388 999 1605 1052 litteras
1640 1000 2019 1052 intercidisse.

417 1065 663 1118 Litteras
681 1072 807 1120 tues
831 1067 900 1118 ad
917 1067 1050 1133 Sym
1091 1065 1359 1120 boniacos
1376 1065 1665 1116 pontificis
1686 1067 1871 1116 statim
1890 1065 2021 1116 red·

417 1132 626 1183 dendas
647 1134 854 1185 curavi.
922 1133 1003 1185 Ad
1083 1134 1287 1199 ipsium
1317 1133 1527 1183 scribo.
1596 1133 1887 1198 Reliquum
1911 1130 2019 1183 Va·

416 1198 621 1250 riarum
646 1213 892 1251 mearum
926 1206 981 1250 et
1003 1199 1321 1253 electorum
1341 1198 1516 1264 ipsius
1534 1198 1890 1264 cupidissime
1921 1211 2019 1249 ex-

417 1281 444 1314 s
485 1270 629 1315 ecto.
697 1263 881 1316 Velim
917 1264 1092 1326 scire,
1131 1280 1259 1316 num
1281 1265 1383 1314 tibi
1405 1264 1750 1316 commodum
1773 1266 2021 1312 futurum

421 1346 442 1381 ι
468 1328 832 1389 t,de‚sci·ihere
850 1332 1001 1394 typis
1022 1330 1132 1380 tuis
1153 1330 1328 1380 libros
1344 1330 1667 1382 Aristotelis
1694 1327 2019 1380 Ethicorum

421 1393 490 1446 ad
511 1393 906 1444 Nicomachum
929 1394 1162 1455 Graece,
1183 1395 1441 1448 ducentis
1460 1395 1694 1460 amplius
1714 1395 1855 1446 locis
1876 1409 1911 1445 a
1928 1409 2019 1446 me

421 1458 764 1526 emendatos.
837 1462 1106 1528 Cuperem
1129 1474 1229 1512 eos
1248 1462 1481 1527 primum
1508 1477 1762 1513 seorsum
1802 1461 1913 1522 edi,
1950 1475 2017 1513 ac
2054 1512 2063 1519 ,

422 1534 536 1577 tum
558 1525 776 1579 demum
795 1530 1251 1580 commentarium
1284 1528 1339 1577 in
1380 1544 1480 1579 eos
1499 1544 1700 1595 meum,
1740 1544 1900 1594 quam
1917 1528 2016 1577 bo›

419 1608 546 1643 num
567 1596 778 1655 nescio,
800 1594 1026 1646 uberem
1049 1600 1203 1645 certe
1225 1600 1281 1645 et
1298 1596 1585 1659 copiosum
1606 1595 1661 1643 in
1685 1608 1785 1644 eos
1806 1594 2015 1645 emitte-

419 1674 554 1710 rem.
611 1660 810 1712 Habeo
833 1668 890 1711 et
911 1668 1072 1714 notas
1091 1664 1151 1711 in
1171 1659 1553 1727 Thucydidem
1574 1676 1643 1709 ac
1663 1656 2035 1710 Plutarchum·

421 1741 554 1780 saue
575 1727 776 1781 multas
788 1763 804 1788 ,
825 1742 961 1793 quas
980 1728 1051 1779 ad
1069 1734 1138 1777 te.
1148 1727 1378 1787 mittam,
1407 1728 1453 1777 si
1475 1727 1615 1776 tanti
1634 1741 1757 1776 mea
1780 1739 1903 1776 esse
1920 1739 2014 1789 pu-

423 1794 647 1845 taveris.
721 1794 784 1843 Si
819 1808 1010 1845 eorum
1031 1794 1274 1845 omnium
1298 1794 1602 1845 editionem
1622 1806 1653 1843 e
1674 1807 1735 1843 re
1755 1798 1855 1841 tna
1872 1790 2012 1841 futu-

423 1871 537 1909 ram
559 1873 670 1909 non
689 1866 874 1922 putas,
913 1860 1314 1924 supprimamus
1336 1871 1469 1909 saue
1486 1858 1690 1910 omniu.
1758 1858 1876 1907 lam
1906 1856 2011 1921 pri·

423 1923 546 1977 dem
568 1923 712 1973 enim
748 1923 940 1975 talium
961 1938 1144 1976 rerum
1183 1924 1416 1973 satietas
1440 1939 1529 1974 me
1551 1924 1818 1989 quaedam
1838 1927 2009 1984 τευθίς

423 2000 602 2053 neque.
628 1985 764 2041 mihi
806 1988 1027 2052 longius
1067 1989 1361 2055 quidquam
1398 1990 1653 2050 videtur,
1690 2005 1853 2056 quam
1889 1990 2009 2040 dum

425 2067 598 2101 vacuo
621 2058 679 2103 et
697 2053 884 2104 soluto
907 2054 1090 2105 animo
1131 2052 1272 2105 hanc
1292 2054 1626 2107 deteriorem
1647 2062 1884 2106 aetatem
1904 2068 2008 2103 me-

423 2118 676 2180 lioribus,
713 2117 771 2168 id
811 2123 916 2180 est,
954 2116 1294 2185 theologicis
1334 2120 1533 2170 studiis
1565 2122 1753 2171 dicare
1829 2122 2006 2170 ossim.

425 2184 508 2299 gii
527 2184 780 2236 Plantine
811 2185 1016 2251 optime
1038 2192 1095 2236 et
1113 2186 1464 2249 amicissime,
1486 2186 1627 2239 vale.
1646 2202 1730 2239 vr.
1749 2186 1775 2236 Ι
1818 2224 1831 2237 .
1854 2185 2005 2237 Febr.

474 2266 616 2301 oma.

479 2348 530 2427 ⁸2
553 2348 630 2415 Cf..
646 2348 701 2389 de
723 2348 804 2390 hac
823 2352 870 2389 et
889 2361 1012 2415 nequ
1031 2361 1104 2401 ep.
1123 2346 1205 2390 lib.
1222 2348 1271 2389 1¹
1306 2362 1378 2402 ep.
1400 2354 1435 2391 2.
1459 2352 1507 2391 et
1528 2352 1569 2390 3.
1591 2350 1745 2416 ibiqpe
1766 2354 1916 2417 annot.

427 2462 496 2496 m
517 2402 2007 2511 2„32:2¹3?3⁸33?ss¹12¹:5‘2223‚155;2¹.¹2.32‚²432?iistiitaffiffiaffff·
