2275 3025
430 173 537 225 250
972 169 1051 229 M.
1086 172 1149 224 A.
1187 167 1508 224 MURETI

600 269 854 325 XXXV.
907 271 985 324 M.
1019 269 1430 324 ANTONIUS
1485 269 1874 324 MURETUS

436 368 485 405 s.
530 369 603 406 -υ,
652 369 995 408 ornatu-ro
1050 357 1515 406 ennssasun'o
1551 357 1608 419 *)
1669 365 2045 405 Τιηοιοαο

436 431 955 474 taum-rismum
1014 436 1101 474 13¹1·
1161 434 1518 472 Sacamum
1587 434 2044 472 armannum

948 502 1254 539 nocrom
1297 499 1529 538 nmero.

500 552 607 638 Et
642 585 869 638 litterae
898 593 1029 638 tuae
1065 601 1266 637 suaves
1302 584 1438 637 milii
1477 592 1644 652 atque
1675 590 1900 652 optatae
1923 583 2046 636 fue·

436 663 586 720 runt,
608 659 667 703 et
685 653 848 715 liber,
868 667 1029 719 quem
1049 653 1119 703 ad
1139 665 1226 702 me
1246 651 1470 712 misisti,
1502 653 1690 703 multis
1728 653 2044 703 nominibus

440 719 779 774 carissimus.
832 719 1071 769 Primum
1092 719 1242 785 ‘quod
1261 719 1684 786 ingravescente
1705 718 1814 768 iam
1836 721 2044 780 aetate,

442 802 571 838 sero
594 784 813 852 quidem
836 784 1024 847 (video
1047 785 1210 844 enim,
1233 791 1438 850 quanto
1460 784 1518 834 id
1554 787 1822 835 maturius
1854 781 2044 837 facere

443 851 775 913 dehuel-im),
798 849 896 901 sed
925 850 1348 918 tamewaliquo,
1376 856 1440 902 ut
1475 863 1658 917 spero,
1699 865 1821 901 cum
1858 849 2045 900 fructu

440 918 501 970 iu
520 931 812 982 sacrorum,
837 916 1105 967 librorum
1124 917 1367 967 lectione
1389 918 1636 984 quotidie
1658 917 1926 982 temporis
1945 915 2047 969 ali-

443 984 576 1052 quid
606 997 813 1052 ponere
851 981 1086 1045 institui,
1107 985 1287 1050 magis
1305 985 1594 1062 magisque
1613 984 1668 1033 in
1695 983 1814 1034 dies
1837 982 2046 1049 perspi·

443 1053 618 1112 ciens,
640 1049 753 1100 alia
772 1051 959 1100 omnia
971 1050 1163 1100 inania
1181 1063 1326 1111 esse,
1367 1064 1437 1100 ex
1457 1063 1538 1099 eis
1561 1049 1698 1100 solis
1717 1063 1903 1100 veram
1928 1050 2044 1098 ani·

440 1120 520 1168 mi
557 1117 819 1184 quietem,
844 1115 1085 1167 solidum
1125 1122 1183 1166 et
1217 1117 1413 1166 efficax
1447 1116 1752 1166 remedium
1778 1116 2047 1166 adversus

441 1183 723 1251 improbas
746 1182 1096 1262 cupiditates,
1122 1182 1487 1233 certissimam
1505 1183 1902 1243 molestiarum,
1923 1181 2044 1246 qui·

440 1249 623 1300 busin
648 1247 751 1298 hac
776 1254 893 1298 vita
919 1247 1314 1306 conflictantur
1353 1250 1521 1299 etiam
1543 1283 1560 1309 ,
1602 1249 1697 1314 qui
1730 1247 2047 1298 felicissimi

441 1315 719 1375 videntur,
747 1313 1188 1365 consolationem
1209 1315 1325 1382 peti
1348 1320 1628 1380 oportere.
1680 1312 1818 1364 Mihi
1841 1319 2046 1373 autem,

444 1393 755 1447 quanquam
773 1381 831 1430 in
851 1379 979 1430 aliis
1002 1380 1201 1430 studiis
1221 1380 1734 1446 minorismomenti
1761 1394 1870 1430 non
1894 1391 2048 1444 pror-

444 1462 540 1498 sus
560 1445 947 1506 inexercitato,
966 1445 1024 1496 in
1045 1443 1134 1497 his
1154 1453 1338 1496 tamen
1357 1447 1728 1514 plane'tironi,
1763 1445 1936 1502 multa
1955 1457 2051 1495 oc-

332 1540 349 1551 ·
443 1519 689 1574 currunt,
715 1514 771 1562 iu
792 1511 991 1578 quibus
1011 1509 1289 1575 haeream,
1309 1527 1488 1580 neque
1511 1516 1648 1565 satis
1685 1516 1805 1579 ipse
1835 1526 1932 1579 per
1959 1525 2049 1561 me

443 1578 1673 1719 ῗέιῖἒζῖἱᾞίξῗξὲᾞ·,θὲἓῖἓξὲἓῗέῗξὲἐζ
1689 1580 2054 1703 322330223

444 1720 617 1782 petuo
656 1712 931 1765 ecclesiae
952 1727 1228 1764 consensu
1248 1712 1516 1778 probatos
1535 1718 1721 1779 patres
1741 1660 2028 1763 consulam

448 1794 519 1831 ex
535 1780 759 1831 illorum
782 1779 943 1895 Ιίξιτὶε
967 1792 1178 1843 eorum,
1228 1793 1333 1831 uae
1351 1780 1542 1845 ,minus
1563 1779 1840 1845 intelligo,
1877 1776 2052 1843 expli·

448 1846 724 1896 cationem
789 1860 819 1897 e
848 1860 951 1895 am.
1024 1845 1135 1897 Sed
1169 1846 1213 1896 il
1237 1845 1257 1895 i
1285 1845 1608 1913 plerumque
1627 1845 1862 1912 grandia
1883 1856 2052 1910 quae·

450 1911 574 1961 dam
602 1916 660 1959 et
685 1926 749 1960 su
790 1908 1615 1979 1111ιί8Ιοςυυῃΐιιτ,·ἅλληγορικᾶ
1636 1913 1718 1959 καὶ
1737 1905 2051 1974 ἅναγωγικὰ,

451 1990 594 2041 quae
615 1988 751 2040 ’ego
792 1976 1039 2040 suspicio
1074 1977 1295 2043 quidem
1329 1984 1387 2027 et
1417 1976 1662 2028 admiror
1692 1983 1750 2027 et
1784 1975 2051 2027 divinitus

452 2042 701 2107 cogitata
722 2054 847 2093 esse
866 2041 1030 2091 video
1038 2058 1057 2106 ,²
1081 2042 1181 2092 sed
1202 2049 1402 2103 tamen,
1426 2050 1487 2093 ut
1505 2044 1787 2110 puerulus,
1808 2043 1895 2093 lac
1919 2056 2051 2091 con-

451 2108 679 2173 cupisco
719 2113 777 2157 et
824 2106 1064 2173 aliquam
1104 2109 1380 2159 eiusmodi
1413 2110 1929 2175 interpretationem
1964 2120 2054 2158 re·

450 2174 612 2242 quiro
626 2208 645 2235 ,
715 2187 857 2240 quae
914 2173 1242 2240 simpliciter
1298 2189 1364 2226 ac
1416 2175 1660 2227 dilucide
1718 2174 2055 2228 senteutiam

452 2256 675 2303 corum,
718 2254 859 2306 quae
899 2241 1048 2309 lego,
1098 2242 1595 2293 Grammaticorum
1634 2255 1791 2292 more
1833 2240 2058 2308 singula

450 2306 623 2358 verba
652 2308 961 2358 minutatim
996 2322 1362 2376 persequens,
1406 2307 1540 2359 mihi
1580 2307 1900 2375 patefaciat.
1969 2305 2058 2357 Ea

452 2372 683 2424 suffulto
722 2388 789 2423 ac
834 2374 1071 2425 subnixo
1110 2375 1422 2426 faciliorem
1461 2373 1596 2425 mihi
1631 2375 1702 2424 ad
1745 2374 1919 2424 ardua
1952 2371 2060 2423 illa

454 2439 685 2503 gradum
702 2438 845 2502 fore,
868 2440 1105 2492 conlido.
1165 2442 1300 2490 Cum
1320 2446 1382 2490 tu
1399 2440 1589 2507 igitur,
1606 2441 1736 2491 talis
1755 2446 2058 2505 tantusque

453 2503 557 2563 vir,
597 2503 711 2554 tale
733 2506 1007 2570 quoddam
1028 2521 1226 2555 munus
1248 2520 1358 2555 non
1378 2507 1693 2572 susceperis
1713 2507 1902 2567 modo,
1934 2504 2061 2567 sed,

454 2573 519 2617 ut
541 2582 612 2617 ex
631 2568 835 2619 litteris
854 2572 966 2622 tuis
986 2571 1263 2638 intelligo,
1282 2586 1484 2639 magna
1508 2573 1619 2623 iam
1638 2586 1712 2624 ex
1731 2578 1891 2639 parte
1924 2585 2061 2623 con-

506 2662 549 2718 ·)
583 2663 657 2707 Cf.
677 2662 768 2707 111.
788 2678 861 2721 ep.
878 2672 945 2714 52.

2228 1328 2238 1336 Ι

2259 1405 2262 1478 ,.-.
2251 1301 2262 1354 μ-
2251 1153 2262 1272 .-—=.
2248 952 2258 1143 *22-*Q
