2275 3025
607 174 865 230 EPIST.
901 176 1054 229 Lm.
1092 178 1132 229 Ι.
1171 174 1286 227 ΕΡ.
1323 174 1537 229 XLVI.
1794 177 1861 229 75

456 308 680 361 XLVI.
717 310 792 361 M.
830 307 1266 363 ANTONIUS
1300 308 1693 364 MURETUS

341 390 740 430 rnsncrsco
785 392 1151 429 runnomo
1188 391 1235 427 s.
1274 390 1327 427 n.
1369 390 1423 428 ε.
1461 390 1799 430 ενιεοονο

733 460 1118 497 canonum
1167 456 1213 495 s.
1254 457 1302 495 r.
1340 458 1397 495 n.

367 510 402 541 Ἰ

346 514 432 594 bi
451 550 666 612 tempus
677 545 746 597 ad
765 552 820 597 te
841 546 1117 598 scribendi
1137 558 1309 611 usque
1333 558 1400 595 eo
1415 542 1641 595 differre
1660 544 1861 597 voluis-

275 626 396 663 sem
413 648 430 674 ,
474 610 770 665 Francisce
823 615 1098 676 Turnoui,
1155 612 1463 663 Cardinalis
1508 611 1860 678 amplissime,

276 678 408 730 dum
431 693 530 744 par
553 694 587 729 a
605 694 690 730 me
711 680 896 748 aliqua
911 681 1022 731 tuis
1043 695 1177 748 erga
1202 693 1288 731 me
1309 679 1556 747 plurimis
1589 680 1864 731 maximis-

278 761 389 811 que
410 745 696 799 beneiiciis
733 748 1071 813 reperiretur
1102 747 1306 799 oratioe
1360 760 1694 813 magnopere
1730 744 1865 799 mihi

275 813 630 864 metuendum
669 822 813 877 erat,
845 828 914 865 ne
931 822 987 865 et
1005 816 1059 865 in
1084 830 1153 865 eo
1181 813 1523 881 quaerendo,
1599 814 1710 865 uod
1729 830 1861 865 nun·

279 894 440 947 quam
479 882 742 947 consequi
818 896 1032 943 essem,
1069 882 1222 931 inani
1258 880 1377 947 ipse
1414 896 1500 931 me
1530 880 1586 931 la
1626 896 1721 933 ore
1748 888 1861 932 tor·-

277 960 522 1013 querem,
537 953 594 997 et
605 947 767 999 immo
810 950 898 999 ica
907 949 1114 999 silentii
1127 948 1483 999 diuturnitate
1496 949 1865 1014 suspicionem

280 1013 386 1065 tibi
425 1012 663 1080 aliquam
720 1015 942 1082 angusti
979 1021 1036 1066 et
1072 1013 1293 1065 humilis
1350 1014 1516 1064 animi
1557 1028 1732 1081 neque
1780 1029 1865 1066 sa·

283 1082 388 1142 tis,
423 1088 680 1147 quantum
718 1097 751 1133 a
787 1097 1005 1163 quoque
1044 1081 1161 1132 acci
1204 1085 1350 1141 eret,
1382 1081 1672 1131 sentientis
1704 1080 1866 1132 affer·

279 1161 415 1199 rem.
487 1148 618 1199 Cum
645 1148 845 1216 igitur,
877 1147 1020 1199 diem
1042 1148 1153 1199 assi
1198 1162 1263 1198 ue
1286 1161 1353 1196 ex
1374 1146 1465 1197 die
1486 1147 1717 1210 ducens,
1746 1148 1865 1198 sine

281 1213 449 1266 dubio
472 1214 704 1278 diutius,
736 1232 892 1283 quam
931 1230 1030 1281 par
1067 1213 1275 1276 fuerat,
1308 1214 1678 1277 retinuissem,
1704 1215 1865 1281 plane

283 1281 698 1348 obstupefactus
720 1284 1086 1335 admiratione
1110 1283 1273 1333 istius
1304 1295 1437 1349 erga
1460 1295 1545 1332 me
1565 1288 1675 1333 tam
1695 1281 1865 1348 proli-

285 1362 389 1400 xae
428 1356 648 1416 tamque
677 1348 960 1403 beneficae
999 1349 1299 1401 voluntatis
1338 1355 1490 1401 tuae:
1544 1348 1861 1403 confirmavi

281 1432 368 1466 me
392 1416 628 1479 tandem,
651 1426 708 1467 et
724 1418 791 1469 ad
812 1416 949 1469 haec
967 1433 1160 1486 pauca,
1183 1432 1401 1485 quoquo
1422 1417 1588 1469 modo
1623 1431 1861 1483 possem,

281 1483 576 1536 scribenda
593 1498 679 1538 me
714 1486 946 1549 contuli3
983 1486 1197 1554 quibus,
1221 1484 1367 1552 quod
1387 1491 1497 1536 tam
1522 1484 1709 1536 multis
1730 1490 1861 1536 tam·

283 1564 387 1619 que
423 1550 588 1603 claris
623 1562 683 1605 et
716 1553 1026 1604 illustribus
1069 1554 1114 1606 si
1159 1554 1243 1603 nis
1281 1567 1398 1615 me,
1437 1553 1682 1618 quamvis
1726 1550 1864 1603 nihil

281 1633 507 1684 prorsus
535 1618 647 1671 tale
675 1621 1059 1688 promeritum,
1091 1621 1133 1670 ti
1176 1622 1195 1671 i
1224 1626 1404 1671 tamen
1434 1634 1545 1669 non
1568 1617 1655 1668 vul
1695 1620 1867 1670 ariter

281 1700 464 1740 carum
486 1701 610 1740 esse
632 1687 1030 1750 declaraveris,
1057 1687 1266 1754 gratias
1280 1721 1296 1747 ,
1316 1683 1533 1751 quando
1556 1683 1669 1734 nihi
1711 1697 1864 1752 prae-

281 1760 439 1804 terea
460 1769 638 1820 neque
657 1763 717 1806 tu
737 1760 1061 1822 exspectare
1100 1767 1277 1819 neque
1309 1765 1414 1818 ego
1437 1757 1719 1815 praestare
1740 1766 1864 1818 pos-

195 1869 209 1893 Ι
281 1835 426 1882 sum,
446 1821 546 1871 tibi
568 1837 787 1889 agerem
805 1816 1162 1873 immortales.
1234 1819 1335 1868 Est
1354 1817 1573 1870 omnino
1599 1815 1735 1869 haec
1747 1823 1867 1870 tota

280 1886 580 1952 gratiarum
603 1891 750 1941 actio
771 1887 1132 1956 perpusillum
1152 1885 1408 1953 quiddam
1442 1899 1647 1964 perque
1665 1892 1862 1950 tenue3

277 1956 602 2070 praesertim
642 1959 690 2008 si
729 1959 1076 2022 comparetur
1113 1968 1233 2006 cum
1270 1951 1642 2020 magnitudine
1672 1968 1863 2009 eorum

299 2021 669 2075 veneficiorum
685 2060 698 2085 ,
721 2023 917 2091 quibus
948 2028 1008 2072 tu
1027 2036 1112 2073 me
1135 2037 1169 2072 a
1186 2027 1242 2072 te
1264 2027 1513 2073 ornatum
1536 2035 1660 2073 esse
1686 2021 1881 2074 volui-.

277 2090 378 2150 sti3
419 2090 518 2139 sed
546 2104 665 2141 eam
694 2096 905 2153 tamen,
934 2105 1054 2140 cum
1076 2087 1214 2140 haec
1233 2088 1555 2148 scriberem,
1583 2103 1683 2154 pro
1706 2093 1860 2139 certo

278 2161 441 2221 atque
463 2157 751 2223 explorato
773 2156 1070 2218 habebam,
1104 2156 1208 2206 tibi
1235 2171 1344 2207 non
1375 2156 1643 2221 ingratam
1680 2169 1857 2220 neque

275 2220 627 2274 iniucundum
646 2224 790 2275 fore:
830 2239 976 2285 cum,
1003 2231 1064 2274 ut
1084 2225 1212 2285 scis,
1234 2237 1301 2272 ne
1322 2221 1426 2272 Dei
1449 2220 1666 2287 quidem
1686 2219 1855 2271 bono·

273 2298 396 2338 rum
429 2291 671 2341 omnium
691 2292 934 2342 auctoris
953 2289 1220 2342 infinitam
1240 2289 1295 2338 in
1316 2304 1419 2338 nos
1438 2287 1855 2338 beneficentiam

277 2354 392 2406 ullo
423 2357 534 2408 alio
556 2360 722 2409 modo
743 2362 1169 2409 remuneremur.
1240 2355 1563 2405 Officiorum
1589 2353 1856 2404 vicissitu-

275 2422 348 2474 do
383 2437 482 2475 eas
511 2425 780 2476 amicitias
812 2424 1080 2487 continet,
1121 2422 1316 2490 quibus
1346 2422 1491 2471 inter
1519 2433 1579 2470 se
1613 2419 1857 2472 eiusdem

275 2491 445 2541 sortis
475 2489 722 2543 homines
755 2497 847 2542 aut
887 2497 1036 2542 certe
1056 2505 1165 2540 non
1188 2487 1477 2540 admodum
1496 2484 1743 2551 dispares
1764 2486 1855 2536 de-

273 2558 611 2610 vinciuntur:
633 2558 808 2620 vobis,
830 2573 968 2625 quos
987 2571 1151 2624 supra
1163 2561 1470 2604 ceterorum
1487 2551 1859 2603 conditionem
1898 2564 1903 2569 ·

278 2630 530 2686 evectos,
571 2625 628 2676 in
658 2625 780 2692 ipso
809 2639 990 2675 rerum
1016 2622 1369 2673 humanarum
1401 2616 1627 2684 fastigio
1672 2618 1857 2694 diyina

277 2689 630 2757 providentia
647 2689 1015 2755 locavit,illud
1036 2704 1157 2740 cum
1177 2682 1502 2752 corporibus
1524 2679 1853 2734 caelestibus
