2275 3025
351 148 456 227 '56
915 174 992 226 Μ.
1031 176 1092 226 A.
1127 175 1445 227 Mune-rt

391 285 452 328 ut
462 276 760 327 Homerico
778 274 945 325 verbo
967 281 1104 337 utar,
1117 278 1219 323 τῶν
1238 274 1521 341 ὀψιγόνων,
1542 276 1719 327 sinon
1734 290 1965 343 magnos

391 352 556 411 atque
576 343 802 405 uberes,
840 342 1056 409 aliquos
1085 348 1267 395 tamen
1299 342 1592 411 aliquando
1618 344 1835 410 capiant
1852 342 1962 393 fru-

396 418 532 462 ctus.
601 410 736 461 Eius
755 416 959 470 autem,
987 408 1092 459 nisi
1111 411 1213 461 tibi
1235 426 1393 461 secus
1412 410 1651 471 videtur,
1690 425 1788 461 eae
1809 410 1965 476 leges

395 493 462 528 ac
481 478 766 543 pactiones
793 483 967 525 erunt.
1037 476 1304 538 Primum,
1341 484 1402 527 ut
1424 477 1691 543 quidquid
1712 477 1987 527 alterutri·

397 553 642 595 nostrum
663 555 986 611 quocunque
1009 542 1064 591 in
1093 545 1363 608 scriptore
1393 544 1619 609 antiquo
1647 544 1967 605 occurrerit,
2020 572 2027 579 ·

397 612 544 679 quod
563 618 659 661 aut
677 611 773 677 sit,
813 615 908 659 aut
925 608 1174 659 videatur
1194 609 1504 672 obscurum,
1524 611 1853 677 ambiguum,
1874 609 1965 661 dc-

398 685 702 745 pravatum,
742 676 808 725 de
836 689 903 725 eo
948 682 1010 725 ut
1044 675 1153 739 ipsi
1184 676 1409 727 alterius
1430 678 1758 727 sententiam
1782 678 1966 742 exqui-

395 760 519 795 rere
543 746 628 793 ius
647 742 840 808 fasque
860 742 949 791 sit.
1018 741 1233 793 Deinde
1254 749 1314 794 ut
1330 744 1398 804 is,
1422 744 1513 809 qui
1532 745 1858 794 sententiam
1878 757 1967 792 ro-

400 812 635 879 gabitur,
657 823 716 859 re
741 808 1034 874 diligenter
1050 810 1341 873 pensitata,
1364 825 1485 859 cum
1504 811 1693 861 amicis
1714 811 1897 870 etiam,
1918 809 1966 859 si

398 878 695 937 videbitur,
717 876 1141 939 communicata,
1171 875 1434 943 quidquid
1453 882 1547 927 aut
1568 874 1855 927 commode
1876 890 1968 925 co.

397 944 573 1012 gitare
601 942 722 1008 ipse
759 948 855 992 aut
897 956 966 991 ex
983 942 1106 993 aliis
1134 944 1408 1009 expiscari
1434 944 1699 1009 potuerit,
1736 943 1964 1007 aperiat.

400 1013 559 1073 Tum,
573 1017 634 1061 ut
653 1010 700 1059 si
721 1008 970 1058 alterutri
991 1010 1176 1075 aliqua
1193 1012 1420 1061 alterius
1441 1010 1625 1075 opinio
1644 1024 1753 1059 non
1772 1007 1967 1074 proba-

399 1079 570 1141 bitur,
609 1076 843 1127 liberum
870 1076 923 1125 ei
954 1076 1301 1143 solutumque
1328 1077 1427 1139 sit,
1465 1089 1683 1137 causas,
1722 1089 1818 1125 cur
1845 1088 1968 1123 eam

352 1158 367 1212 j
403 1162 512 1196 non
532 1144 752 1211 probet,
780 1156 1078 1207 exponere,
1107 1145 1264 1209 isque
1302 1144 1393 1209 qui
1422 1140 1850 1209 reprehendetur
1873 1138 1969 1189 aut

397 1213 581 1279 potius
602 1209 1003 1269 admonebitur,
1045 1225 1155 1259 non
1180 1210 1345 1259 modo
1372 1224 1482 1260 non
1510 1209 1656 1261 laedi
1684 1224 1745 1259 se
1770 1222 1836 1258 ac
1852 1206 1969 1273 vio<

398 1279 508 1330 lari'
517 1280 575 1328 in
597 1291 689 1337 eo,
725 1290 912 1325 verum
933 1276 1098 1324 etiam
1125 1276 1454 1334 beneficium
1480 1275 1588 1326 sibi
1612 1275 1779 1325 tribui
1795 1280 1967 1340 putet.

398 1344 780 1403 Postrem0‚ut
798 1339 1060 1406 quidquid
1079 1342 1221 1390 alter
1238 1342 1305 1391 ab
1326 1342 1503 1391 altero
1524 1342 1814 1407 acceperit,
1837 1356 1967 1390 nun-

399 1424 561 1477 quam
599 1422 776 1475 neque
804 1408 1064 1471 privatim,
1091 1421 1267 1473 neque
1294 1407 1509 1472 publice
1536 1407 1593 1456 id
1618 1422 1678 1457 se
1704 1408 1771 1457 ab
1794 1423 1861 1459 eo
1884 1422 1969 1457 ac·

401 1478 615 1544 cepisse
651 1472 980 1526 dissimulet:
1030 1475 1159 1539 quin
1194 1476 1376 1540 potius
1412 1480 1641 1540 uterque
1681 1477 1829 1526 omni
1867 1488 1971 1540 ope

404 1559 592 1596 omnes
623 1541 850 1592 alterius
876 1541 1107 1592 ornandi
1135 1547 1297 1606 atque
1327 1540 1695 1607 amplificandi
1726 1543 1972 1598 occasio,-

401 1627 498 1662 nes
531 1625 640 1661 non
661 1615 869 1660 tantum
907 1607 1121 1658 oblatas
1141 1609 1391 1675 arripiat,
1419 1607 1519 1658 sed
1538 1609 1706 1659 etiam
1723 1607 1971 1660 studiose

403 1679 806 1745 diligenterque
827 1675 1122 1742 perquirat.
1191 1675 1347 1726 Haec
1364 1678 1414 1726 si
1432 1674 1719 1736 faciemus,
1736 1675 1877 1738 alter
1896 1672 1971 1722 al-

399 1747 572 1798 terius
608 1743 932 1794 industriam
959 1757 1241 1805 acuemus,
1278 1743 1557 1810 ingenium
1594 1741 1970 1800 excitabimus,

402 1819 459 1864 et
479 1813 750 1862 discemus
771 1809 1004 1876 denique
1024 1809 1263 1861 vicissim
1303 1816 1361 1860 et
1378 1809 1617 1860 vicissim
1638 1808 1969 1858 docebimus.

403 1879 661 1930 Gisberto
701 1876 918 1942 quidem
955 1883 1147 1927 nostro
1162 1911 1177 1938 ‚
1200 1892 1383 1943 ,quem
1421 1891 1527 1942 ego
1566 1874 1973 1926 adolescentem

403 1943 649 2011 quotidie
669 1942 790 2008 plus
809 1955 951 2002 amo,
969 1942 1115 2007 quod
1135 1944 1255 2006 ipse
1277 1944 1521 2011 quotidie
1542 1941 1775 1993 honesta
1792 1939 1976 1990 studia

400 2012 521 2078 plus
551 2014 719 2068 amat,
758 2021 1016 2074 praesens
1045 2022 1112 2057 ex
1137 2007 1240 2058 hac
1274 2015 1462 2060 nostra
1486 2009 1861 2076 negotiatione
1892 2005 1974 2056 lu-

403 2092 550 2128 crum
589 2081 836 2142 paratum
874 2080 975 2124 est.
1045 2074 1165 2139 Ego
1204 2076 1371 2136 enim,
1410 2076 1501 2140 qui
1540 2091 1660 2126 eum
1688 2074 1757 2126 ad
1788 2079 1974 2125 cetera

403 2145 610 2205 omnia,
647 2148 762 2192 tum
787 2139 855 2189 ad
882 2139 1229 2191 scribendum
1254 2141 1335 2190 ita
1357 2141 1514 2207 piger
1540 2151 1688 2202 sum,
1724 2146 1785 2192 ut
1811 2154 1970 2190 nemo

402 2210 612 2276 magis‚·
643 2223 709 2258 eo
737 2205 993 2273 posthac,
1025 2220 1152 2256 cum
1176 2207 1245 2256 ad
1274 2213 1327 2256 te
1360 2207 1618 2268 scribam,
1657 2206 1973 2258 amanuensi

401 2277 484 2328 uti
501 2276 722 2343 cogitm
777 2272 912 2324 Nam
935 2271 1126 2340 etipse
1156 2288 1275 2324 cum
1302 2273 1547 2323 laborem
1578 2288 1744 2324 causa
1769 2287 1893 2322 mea
1910 2271 1973 2322 li-

331 2358 342 2362 ·
399 2344 596 2394 beuter
613 2343 782 2408 capit,
803 2347 917 2390 tum
937 2338 1042 2390 hoc
1058 2341 1256 2392 studiis
1275 2340 1389 2392 suis
1406 2340 1601 2390 inutile
1622 2355 1731 2390 non
1748 2339 1869 2389 fore
1890 2353 1973 2388 ar·

401 2409 652 2461 bitratur.
721 2407 878 2459 Vale.
903 2421 989 2458 ιη.
1009 2406 1241 2458 Kalend.
1264 2407 1374 2458 lan.
1399 2421 1642 2460 nnnxtv.

690 2573 971 2624 xxxlu.
1013 2585 1124 2623 mn
1140 2587 1225 2624 aa
1242 2583 1670 2628 ,cannmn'rm

471 2644 871 2744 Respondebo
889 2671 992 2722 tibi
1011 2673 1280 2732 breviter,
1318 2678 1377 2721 ut
1400 2678 1457 2720 et
1472 2666 1717 2736 postulas
1739 2671 1795 2716 et
1814 2681 1972 2718 occu-
