2275 3025
416 163 511 212 170
951 165 1030 220 M.
1066 166 1128 220 A.
1164 164 1488 220 unkun

413 261 657 325 mendis,
697 279 841 330 quae
874 266 935 316 in
976 267 1060 318 eis
1096 267 1456 320 librariorum
1493 265 1638 318 vitio
1679 265 2029 331 insederant,

412 335 555 391 tum,
596 330 789 382 addita
806 333 965 386 brevi
992 334 1376 386 declaratione
1404 333 1693 384 faciliores
1719 333 1790 384 ad
1817 335 2030 386 intelli-

414 395 657 462 gendum
690 397 874 452 effeci.
945 401 1111 452 Hunc
1141 415 1371 468 parvum
1405 400 1616 452 laboris
1642 402 1752 450 mei
1781 399 2028 452 fructum

410 464 603 514 venire
632 465 691 514 in
718 463 1001 520 hominum
1035 483 1228 518 manus
1255 473 1511 518 ornatum
1541 466 2027 530 commendatione

412 529 499 582 tui
522 532 765 584 nominis
795 533 973 597 v>olui;
1012 535 1277 599 primum,
1317 534 1467 598 quod
1487 534 1595 601 ipsi
1616 533 1794 596 libro,
1829 549 2028 600 parum

412 611 487 650 ex
503 611 593 650 me
614 601 973 652 auctoritatis
992 598 1283 660 habituro,
1319 600 1553 650 multum
1587 615 1658 650 ex
1676 608 1734 651 te
1767 609 2026 652 accessu-

412 678 535 716 rum
556 663 845 730 dignitatis
865 681 931 716 ac
952 667 1171 744 gratiae
1189 665 1597 746 intelligebam:
1625 668 1683 718 in
1703 682 1834 733 quo,
1857 681 2025 746 quae-

412 731 2028 862 2⁵:231ssmiiiffffiffiziffiissma‘:zamma

412 877 539 914 esse
562 865 749 916 omnia
767 865 1169 916 animadverto.
1240 864 1382 917 Nam
1411 868 1530 917 sive
1551 867 1780 934 generis
1805 868 2026 918 clarita·

412 938 527 980 tem
544 930 904 996 requirimus,
946 933 1039 984 cui
1058 933 1310 996 tandem,
1348 934 1446 1000 qui
1467 932 1667 985 Veneti
1687 934 1905 999 imperii
1928 949 2024 984 no-

412 1011 541 1048 meu
569 998 873 1062 audiverit,
910 999 1242 1052 Mecenicae
1269 1001 1454 1070 gentis
1491 1016 1519 1050 s
1560 999 1759 1050 lendor
1795 1000 2024 1066 ignotus

414 1063 537 1118 esti
574 1065 731 1126 Quae
752 1066 975 1134 quidem
1002 1083 1172 1136 gens,
1205 1073 1270 1118 ut
1292 1081 1361 1118 ne
1389 1081 1532 1118 anna
1551 1069 1665 1117 ium
1695 1067 2022 1117 memoriam

412 1131 680 1198 replicem
698 1149 881 1201 neque
902 1149 1003 1186 eos
1024 1148 1477 1195 commemorem,
1553 1147 1658 1183 uos
1679 1133 1833 1183 domi
1855 1131 2024 1184 foris·

412 1213 523 1264 que
544 1215 571 1251 ι
612 1207 799 1252 ectata
817 1203 1019 1264 virtus,
1064 1200 1438 1252 concordibus
1459 1213 1525 1252 su
1573 1201 1746 1267 regiis
1765 1199 1838 1249 ad
1857 1197 2024 1251 huius

412 1265 552 1332 reip.
600 1268 865 1333 astigium
892 1268 1105 1330 evexit;
1147 1266 1290 1318 illud
1310 1267 1675 1333 integritatis,
1697 1265 1840 1318 illud
1865 1267 2022 1316 iusti-

410 1330 544 1392 tiae,
565 1331 705 1382 illud
726 1336 1082 1398 incorruptae
1100 1334 1422 1384 severitatis
1443 1333 1742 1400 exemplar,
1751 1333 2024 1383 Aleisium

409 1395 790 1462 Mecenicum,
812 1400 1059 1464 equitem
1074 1436 1091 1462 ,
1115 1405 1292 1460 tuum,
1315 1399 1632 1460 Leonarde,
1651 1415 1815 1450 avum
1835 1405 2023 1466 protu-

410 1461 504 1514 lit:
526 1478 635 1530 quo
662 1465 781 1517 viro
806 1479 967 1519 nemo
987 1479 1228 1534 unquam
1247 1467 1305 1517 in
1327 1464 1431 1518 hac
1461 1467 1713 1530 civitate,
1736 1466 1860 1533 qui,
1899 1480 2026 1519 cum

412 1531 680 1599 pauciora
698 1539 945 1599 peteret,
982 1534 1146 1601 plura
1173 1542 1612 1603 consequeretur
1640 1532 1871 1585 honoris
1887 1534 2023 1585 insi·

412 1597 563 1666 guia,
582 1600 839 1653 inventus
858 1607 965 1653 eet.
1004 1602 1135 1669 ipsa
1151 1616 1254 1668 pro
1278 1617 1346 1654 eo
1369 1602 1670 1669 prensabat
1685 1602 1880 1663 virtus,
1903 1602 2028 1666 ipsa

412 1665 467 1715 ei
485 1666 631 1716 viam
661 1666 731 1717 ad
753 1682 945 1721 omnes
996 1668 1228 1722 honoris
1268 1670 1474 1738 gradus
1513 1684 1624 1719 non
1658 1668 2024 1735 appellandis,

410 1746 524 1783 nou
551 1734 844 1801 rogandis,
885 1751 994 1787 non
1026 1738 1278 1788 officiose
1301 1736 1608 1789 salutandis
1646 1735 1885 1796 civibus,
1925 1734 2025 1785 sed

411 1798 705 1865 gloriosis,
746 1803 1111 1866 admirandis,
1136 1803 1559 1855 immortalitate
1582 1802 1768 1869 dignis
1791 1800 2023 1853 edendis

412 1864 673 1931 operibus
710 1870 1012 1921 muniebat.
1104 1870 1301 1937 Neque
1341 1884 1474 1922 vero
1520 1884 1686 1937 passa
1723 1881 1871 1935 resp.
1915 1874 2021 1929 est,

407 1938 622 1983 tantum
667 1934 852 1985 lumen
900 1939 1110 1987 exteris
1159 1938 1336 2003 princi
1375 1937 1500 1987 ibus
1550 1937 1897 2003 incognitum
1943 1934 2021 1985 la-

406 2002 555 2048 tere:
576 2000 676 2049 sed
698 2016 1023 2069 quamquam
1040 2003 1330 2053 fidelissim
1358 2003 1545 2053 sillius
1568 2002 2022 2069 sapientissimis·

410 2078 517 2132 que
545 2066 797 2120 consiliis
824 2070 959 2121 nixa
984 2084 1097 2120 non
1124 2069 1366 2119 libenter
1393 2069 1462 2118 ab
1483 2070 1740 2136 amplexu
1767 2083 1892 2119 eum
1913 2084 2018 2119 suo

410 2134 747 2193 dimitteret,
784 2136 1113 2186 mandandis
1143 2140 1329 2186 tamen
1370 2136 1420 2184 ei
1459 2135 1713 2201 plurimis
1754 2133 2019 2185 honorifi-

406 2200 857 2267 centissimisque
876 2200 1282 2268 legationibus,
1303 2200 1627 2252 facultatem
1649 2202 1824 2263 dedit,
1836 2200 2020 2262 famae

407 2280 541 2317 suae
570 2282 672 2335 per
698 2282 891 2317 omnes
919 2273 1193 2319 terrarum
1215 2277 1342 2319 oms
1365 2268 1831 2320 disseminandae.
1907 2268 2018 2327 Qui

406 2345 531 2382 cum
566 2348 756 2384 omnes
796 2334 851 2382 in
880 2344 1002 2385 eam
1034 2334 1352 2399 opinionem
1381 2334 1734 2396 adduxisset,
1775 2339 1840 2385 ut
1907 2335 2020 2383 uic-

406 2398 541 2463 quid
577 2399 684 2464 ipsi
712 2413 822 2448 non
846 2399 1025 2451 dicam
1046 2401 1380 2469 denegatum
1396 2439 1410 2464 ,
1442 2402 1541 2453 sed
1563 2416 1672 2451 non
1691 2400 1842 2451 ultro
1905 2400 2018 2450 ela·

402 2468 520 2513 tum
538 2463 771 2524 fuisset,
800 2464 949 2516 idem
979 2466 1169 2517 virtuti
1191 2471 1525 2535 denegatum
1545 2468 1859 2531 videretur3
1897 2466 2016 2516 lilio

404 2531 1242 2664 33101’3322032mmai*
1249 2532 2018 2666 :5²3523222‘3333¹⁸351‘¹{22’

404 2659 475 2709 ad
504 2671 625 2713 eam
658 2677 767 2728 qua
791 2666 948 2715 nulla
972 2680 1220 2719 summae
1260 2667 1520 2735 proprior
1537 2669 1651 2727 est,
1683 2634 2016 2732 dignitatern}
