2275 3025
667 133 1127 187 EPISTOLAE
1161 135 1512 188 MUTUAR.
1790 134 1884 186 3¹11

708 247 807 299 Vl.
876 247 953 296 Μ.
990 247 1055 298 A.
1088 245 1476 299 MURETUS

806 343 865 380 n.
900 343 1192 381 maxumo
1231 343 1278 381 s.
1315 343 1376 382 n.

367 399 551 482 Tuas
573 443 765 481 omnes
782 428 1002 480 litteras
1022 430 1238 494 accepi:
1261 428 1368 480 hoc
1387 429 1637 496 primum.
1700 426 1893 508 Sequi·

300 505 389 550 tur
408 512 571 556 nunc,
591 502 650 547 ut
670 494 741 545 ad
762 510 858 546 eas
878 496 1263 560 respondeam.
1317 494 1552 557 Quando
1576 495 1657 545 vir
1678 495 1894 547 clariss.

300 563 462 614 Card.
487 563 804 612 Turnonius
825 561 1076 626 praecise
1098 569 1157 612 et
1177 561 1297 612 sine
1316 561 1433 612 ulla
1453 577 1588 613 exce
1628 561 1785 612 tione
1814 563 1895 612 iu·

297 629 413 690 bet,
437 635 498 678 ut
520 628 715 679 dedam
735 641 821 677 me
848 627 1154 694 Hippolyto
1166 627 1388 678 Estensi
1406 629 1565 679 card.
1623 627 1894 679 ern-arien-

300 696 367 756 si,
406 708 595 760 geram
618 694 671 746 ei
694 708 899 744 morem
922 695 1012 742 σὺι·
1036 695 1164 756 θεῷ.
1237 693 1362 744 Hoc
1384 695 1530 744 enim
1548 694 1651 745 tibi
1673 707 1902 759 persua-

300 775 420 812 sum
441 757 602 821 habe,
621 761 693 810 mi
708 758 999 820 -Lambine,
1023 760 1335 812 cardinalis
1354 761 1626 812 Turnonii
1647 759 1899 809 volunta-

300 833 411 878 tem
431 824 586 889 mihi,
612 827 872 893 quamdiu
892 827 1277 890 vivam,instar
1291 827 1522 878 Helicae
1542 826 1690 877 autC
1733 839 1898 876 nosu-

300 908 397 944 rae
419 894 702 944 cuiusdam
738 891 997 953 futuram,
1037 892 1107 943 ad
1183 908 1308 943 uam
1346 898 1498 944 totus
1537 893 1690 943 consi
1718 893 1899 942 iorum

300 974 549 1010 meorum
568 974 763 1010 cursus
791 959 1083 1025 dirigatur.
1147 909 1319 1020 nhuod
1357 959 1654 1024 imperabit
1691 957 1808 1018 ille,
1849 959 1899 1007 si

300 1023 467 1078 modo
498 1025 553 1076 in
583 1039 707 1075 mea
739 1030 1017 1090 potestate
1056 1025 1165 1075 erit
1194 1025 1380 1086 situm,
1415 1024 1637 1086 faciam,
1675 1037 1900 1091 quoquo

300 1089 469 1142 modo
491 1100 707 1156 potero.
782 1090 923 1150 Quin
948 1090 1113 1140 etiam
1136 1091 1184 1141 si
1208 1090 1337 1141 mihi
1362 1106 1431 1141 ea
1454 1092 1716 1156 imperet,
1757 1103 1900 1156 quae

302 1155 623 1208 facultatem
648 1155 850 1206 habere
878 1171 985 1204 non
1011 1155 1324 1218 videantur,
1363 1171 1432 1208 ea
1456 1163 1644 1208 tamen
1679 1155 1901 1207 efficere

303 1221 567 1284 conabor,
606 1237 715 1272 non
737 1219 1058 1288 perficiendi
1080 1237 1209 1288 spe,
1243 1223 1341 1273 sed
1366 1222 1784 1289 obtemperandi
1807 1237 1900 1271 vo-

302 1291 533 1340 luntate.
604 1289 731 1338 Hoc
758 1294 990 1349 certum,
1031 1286 1138 1340 hoc
1170 1288 1553 1354 deliberatum,
1595 1287 1702 1340 hoc
1735 1289 1901 1340 lixum

304 1362 405 1408 est.
479 1355 601 1406 Hac
640 1355 709 1404 de
744 1369 806 1404 re
844 1369 952 1422 ego
991 1354 1059 1405 ad
1102 1369 1228 1406 eum
1265 1354 1452 1406 triduo
1480 1363 1577 1407 aut
1604 1354 1900 1422 quatriduo

252 1419 261 1426 ’
302 1420 564 1476 scribam:
606 1421 877 1488 simulque
908 1417 977 1471 ad
998 1415 1345 1474 cardinalem
1366 1421 1778 1474 Ferrariensem
1810 1421 1902 1474 lit-

302 1496 451 1542 teras
474 1490 637 1541 dabo.
708 1487 833 1541 Hoc
853 1489 973 1556 ipso
996 1488 1086 1540 die
1106 1490 1486 1556 scripsissemz
1527 1505 1717 1541 verum
1739 1495 1905 1541 extra

304 1556 723 1624 occupationes,
802 1555 961 1606 uibus
999 1554 1284 1607 districtus
1321 1573 1466 1617 sum,
1505 1558 1586 1606 ita
1622 1570 1710 1606 me
1747 1556 1902 1607 Deus

300 1630 465 1682 amet,
478 1630 539 1671 ut
558 1637 681 1672 cum
702 1621 773 1671 ad
832 1636 895 1668 os
917 1620 1104 1684 populi
1127 1622 1399 1684 primores
1419 1621 1770 1671 scribendum
1791 1626 1899 1683 est,

301 1687 439 1738 nihil
461 1685 590 1737 mihi
616 1686 767 1735 venit
792 1684 849 1733 in
875 1690 1144 1745 mentem,
1183 1685 1332 1751 quod
1364 1685 1627 1745 scribam,
1668 1685 1774 1734 nisi
1803 1684 1900 1737 diu

302 1752 640 1818 multumque
669 1748 953 1800 meditato.
1028 1748 1249 1800 interea
1284 1765 1383 1817 pro
1403 1764 1491 1801 me
1511 1750 1810 1816 spondebis
1831 1765 1898 1802 ac

302 1818 540 1884 recipies
561 1816 839 1866 Cardinali
863 1822 978 1876 tuo,
1001 1830 1105 1876 me,
1127 1817 1276 1881 quod
1299 1816 1430 1877 vult,
1451 1815 1755 1879 facturum3
1779 1822 1900 1867 tum

304 1894 363 1938 tu
382 1885 667 1951 pristinam
688 1888 837 1933 tuam
860 1896 995 1947 erga
1012 1896 1101 1931 me
1122 1882 1462 1933 voluntatem
1484 1882 1768 1934 retinebis.
1811 1882 1900 1934 De

304 1951 418 2003 obli
462 1952 650 2000 atione
692 1948 793 1998 illa
828 1948 1008 1998 altera
1045 1948 1162 1997 noli
1200 1947 1475 1999 laborare.
1551 1947 1762 2000 Mecum
1797 1948 1904 2001 erit

302 2017 399 2067 iste
438 2015 588 2066 abor.
658 2012 804 2065 Fata
824 2013 967 2063 viam
984 2012 1325 2077 invenient.*)
1376 2016 1552 2082 Atque
1575 2017 1742 2066 etiam
1765 2030 1896 2067 con-

304 2080 436 2142 fido,
472 2094 560 2131 me
582 2081 664 2131 eis
686 2080 1124 2140 satisfacturum,
1156 2080 1248 2146 qui
1269 2080 1564 2132 videantur
1581 2082 1650 2131 de
1670 2097 1757 2132 me
1779 2082 1898 2131 iure

341 2148 705 2263 ¹25{303.‘:.⁸⁸‘};.
734 2146 1383 2279 fflissssss'd'ssessiissm
1424 2162 1455 2197 ⁰
1487 2148 1604 2262 {eff
1608 2147 1902 2263 '22221333

594 2249 609 2274 2
1351 2250 1365 2263 0
1791 2248 1798 2259 .
1855 2250 1861 2254 .

302 2278 469 2331 video
486 2282 545 2329 in
565 2280 675 2330 tuis
696 2279 929 2340 litteris,
971 2278 1119 2345 quod
1149 2279 1566 2344 responsionem
1635 2280 1928 2331 esideret:

302 2349 439 2397 Amo
462 2352 518 2395 te
537 2346 859 2397 immensum
882 2351 1172 2411 quantum:
1212 2350 1378 2412 teque
1399 2358 1642 2408 orarem,
1665 2352 1726 2397 ut
1743 2344 1902 2411 paria

303 2412 588 2472 redderes,
627 2412 735 2463 nisi
762 2413 1107 2477 exploratum
1152 2404 1433 2472 haberem,
1469 2415 1528 2461 te
1564 2416 1663 2461 tua
1699 2419 1902 2491 sponte

301 2478 508 2531 facere.
581 2477 829 2529 Salutem
845 2475 1102 2529 omnibus
1133 2492 1259 2529 meo
1301 2476 1555 2539 nomine;
1594 2477 1696 2529 sed
1733 2479 1900 2544 lupri-

302 2548 406 2597 mis
426 2543 486 2595 P.
506 2544 763 2596 villario.
837 2543 985 2606 Quid
1025 2543 1133 2594 sibi
1165 2543 1285 2594 vult
1319 2548 1503 2593 autem
1540 2550 1652 2595 tam
1683 2543 1901 2597 subitus

356 2630 397 2683 ¹)
428 2628 558 2681 virt.
574 2627 686 2670 Aen.
706 2625 789 2670 lv.
813 2630 908 2670 115.
924 2624 1016 2669 111.
1034 2627 1133 2667 893.

314 2698 327 2713 ’
1435 2695 1478 2746 Α
1490 2710 1523 2747 a
1541 2697 1574 2745 2
