2275 3025
395 143 498 195 234
931 139 1010 193 Μ.
1045 141 1106 192 Α.
1141 123 1467 193 Meum-1

397 257 650 294 severum
695 255 820 292 esse
869 243 927 292 in
965 241 1277 292 iudicandis
1323 241 1614 307 poematis.
1684 241 1759 292 Et
1794 243 2002 304 tamen,

397 309 528 376 quia
545 321 631 359 me
647 309 720 358 ab
745 323 813 358 eo
837 309 1008 358 amari
1031 308 1179 370 scio,
1208 309 1254 358 si
1283 309 1444 358 vobis
1470 303 1774 368 videbitur,
1804 309 2001 358 subea-

394 391 516 426 mus
539 373 646 426 hoc
667 389 890 441 quoque
909 375 1173 440 periculi,
1202 389 1323 424 oum
1354 375 1699 440 praesertim,
1720 375 1769 424 si
1791 375 1921 439 quid
1940 375 2000 424 in

399 443 482 492 eis
502 446 691 507 parum
711 441 1046 506 probaverit,
1059 442 1315 505 -ipsamos
1334 439 1697 505 reprehensio
1718 441 2001 491 cautiores

397 511 457 559 in
487 514 771 573 posterum
807 507 1028 557 factura
1057 507 1149 556 sit.
1220 505 1399 556 Valde
1434 507 1659 572 gavisus
1694 523 1840 567 sum,
1876 522 2002 556 cum

398 575 578 634 audii,
607 573 840 624 fratrem
868 579 1022 624 tuum
1049 573 1371 638 episcopum
1404 573 1998 638 Carpentoractensem

401 655 526 691 esse
547 639 752 690 factum
768 659 782 688 ε
797 640 892 706 qui
911 638 1090 689 honos
1109 639 1219 688 iam
1240 639 1453 703 pridem
1474 640 1701 689 summis
1717 639 1999 690 illiusaevir-

399 706 613 757 tutibus
635 707 956 756 debebatur.
997 704 1061 755 .N
1064 719 1207 772 eque
1226 707 1279 755 ei
1297 708 1511 755 tantum
1528 705 1839 771 gratulatus
1858 720 1997 765 sam,

401 773 503 824 sed
520 772 624 822 tibi
643 785 892 838 quoque,
923 786 1047 821 cnm
1069 772 1366 836 epistolam
1392 785 1461 820 ea
1476 772 1549 821 de
1574 785 1635 820 re
1652 777 1804 820 tuam
1824 773 1895 822 ad
1914 771 2000 820 lo-

399 853 598 888 annem
633 839 928 888 Momnum
963 837 1317 888 Cardinalem
1354 837 1497 904 leg-i:
1558 847 1700 903 quae
1746 835 1883 888 mihi
1916 839 2001 887 ita

401 905 630 971 elegans
655 906 776 954 visa
801 910 914 964 est,
933 918 1112 970 neque
1144 902 1251 954 hoc
1268 909 1507 965 tantum,
1530 903 1628 954 sed
1648 905 1729 954 ita
1748 904 2003 969 graviter

400 986 468 1021 ac
493 972 777 1036 sapienter
805 971 1040 1036 scripta,
1077 975 1143 1020 ut
1172 972 1283 1020 iam
1310 976 1428 1020 tum
1454 971 1734 1036 coeperim
1762 969 2001 1020 eundem

399 1038 506 1088 tibi
531 1051 752 1104 quoque
789 1037 1079 1104 dignitatis
1112 1035 1343 1102 gradum
1378 1037 1660 1104 angurari.
1728 1035 1899 1086 Mitto
1928 1035 2001 1086 ad

402 1110 460 1154 te
481 1106 788 1156 orationem
817 1118 991 1170 nuper
1022 1101 1112 1152 hic
1147 1101 1388 1152 habitam
1421 1119 1455 1152 a
1487 1103 1658 1154 Petro
1676 1103 1916 1170 Magno,
1938 1107 2003 1151 ut

401 1185 659 1221 versuum
687 1171 888 1221 levitas
911 1169 1183 1220 orationis
1205 1171 1478 1235 gravitate
1500 1175 1776 1234 pensetur.
1846 1169 1999 1218 Bene

402 1237 554 1298 vale,
587 1236 814 1288 Sacrate
843 1236 920 1286 mi
946 1235 1609 1301 optime‚veruditissime,
1644 1235 2001 1298 amicissime,

405 1312 462 1354 et
479 1317 566 1353 me
583 1318 727 1362 ama.
797 1301 1030 1372 Romae..
1047 1314 1138 1351 ιη.
1160 1299 1305 1351 Non.
1326 1301 1469 1352 Iulii.
1492 1315 1767 1352 unnxxn.

777 1596 977 1649 xxu.
1025 1596 1245 1649 εωέκ
1292 1612 1617 1651 εᾼοηᾼτο.

395 1752 404 1761 ,
467 1662 874 1764 Respondebo
891 1698 1140 1750 breviter
1161 1700 1233 1751 ad
1254 1714 1349 1751 eas
1367 1699 1603 1759 litteras,
1618 1712 1754 1765 quas
1765 1698 1810 1749 'a
1824 1704 1883 1749 te
1906 1712 1997 1751 m.

399 1764 482 1815 ld.
516 1764 777 1815 Octobris
805 1765 963 1816 datas
993 1766 1194 1817 nudius
1220 1768 1421 1818 tertius
1439 1767 1648 1832 accepi.
1719 1765 1781 1815 ln
1801 1764 1999 1832 quibus

399 1830 540 1881 illud
573 1831 805 1897 primum
837 1833 1145 1883 admiratus
1178 1850 1298 1883 sum
1314 1869 1328 1895 ,
1360 1832 1507 1899 quod
1536 1832 1777 1881 veritum
1796 1846 1921 1882 esse
1941 1837 1999 1881 te

403 1895 620 1957 scribis,
639 1910 710 1945 ne
729 1898 834 1947 tibi
855 1898 1040 1965 aliqua
1057 1898 1130 1948 de
1152 1914 1321 1949 caasa
1340 1900 1618 1951 subiratus
1640 1912 1839 1963 essem,
1856 1912 1997 1948 neve

401 1975 528 2011 mea
553 1974 691 2026 erga
719 1967 774 2011 te
801 1964 1090 2012 immutata
1109 1970 1265 2014 esset
1290 1966 1566 2015 voluntas.
1634 1964 1838 2015 Tibine
1868 1978 1997 2031 ego,

400 2024 734 2087 miSaerate,
757 2034 820 2077 ut
838 2028 1082 2077 irascar}
1103 2034 1200 2078 aut
1218 2030 1513 2095 quidquam
1534 2043 1771 2096 unquam
1790 2030 1909 2081 ulla
1928 2029 1998 2080 de

399 2106 572 2143 eausa
593 2106 662 2142 ex
679 2106 805 2143 meo
825 2094 884 2142 in
904 2099 960 2143 te·
979 2108 1191 2145 summo
1222 2104 1411 2145 amore
1426 2133 1439 2157 ,
1468 2102 1589 2159 aut,
1619 2103 1683 2147 ut
1704 2096 1891 2147 verius
1920 2096 1999 2147 di·-

405 2174 542 2221 cam,
568 2159 922 2211 observantia
943 2159 1195 2213 imminui
1224 2161 1431 2227 patiar!
1459 2165 1529 2213 At
1553 2162 1749 2227 perdiu
1768 2161 1907 2213 nihil
1928 2160 2000 2213 ad

401 2232 458 2277 te
480 2226 789 2279 litterarum
811 2227 956 2277 dedi.
1027 2226 1297 2291 Primum,
1326 2244 1437 2279 non
1468 2230 1606 2279 satis
1638 2242 1893 2295 magnum
1916 2242 2000 2277 ar·
2024 2254 2031 2263 ·

404 2300 744 2359 gumentum:
767 2294 1092 2359 praesertim
1115 2309 1237 2345 cum
1254 2302 1387 2363 post
1406 2310 1523 2357 eas,
1548 2310 1683 2361 quas
1706 2295 1775 2344 ad
1796 2301 1852 2345 te
1873 2294 1999 2344 ulti-

401 2374 520 2409 mas
541 2360 820 2422 dederam,
841 2358 1225 2411 nihilomnino
1247 2377 1280 2412 a
1296 2368 1355 2411 te
1376 2362 1731 2427 accepissem.
1798 2360 1999 2411 Sancte

406 2426 552 2474 enim
571 2426 675 2476 tibi
695 2428 906 2477 affirmo
921 2464 934 2488 ‚
955 2433 1087 2493 post
1104 2427 1401 2493 Hippolyti
1420 2426 1735 2477 cardinalis
1754 2426 2000 2475 Ferrari-

405 2492 557 2541 ensis
582 2492 789 2541 obitum
809 2492 989 2543 nullas
1012 2492 1082 2541 ad
1101 2506 1189 2541 me
1210 2494 1427 2543 litteras
1446 2500 1570 2543 tuas
1588 2492 1833 2556 perlatas
1854 2506 2001 2553 esse,

405 2555 510 2606 nisi
535 2569 648 2617 eas,
669 2558 740 2607 ad
761 2572 896 2621 quas
917 2572 1062 2607 nunc
1081 2559 1421 2622 respondeo.-
1444 2564 1501 2608 et
1519 2571 1627 2623 ego
1647 2562 1833 2607 tamen
1853 2557 1925 2607 ad
1943 2563 2005 2607 te

403 2635 610 2683 mense,
634 2627 696 2672 ut
715 2622 932 2686 opinor,
951 2622 1209 2679 Ianuario
1230 2625 1456 2689 scripsi,
1475 2624 1711 2687 misique
1734 2636 1855 2672 eam
1879 2636 2001 2673 ora·
