2275 3025
459 147 558 200 196
922 153 927 155 ’
988 145 1065 196 Μ.
1104 148 1167 194 A.
1203 141 1527 197 MURETI

460 247 750 314 quisquam
770 245 878 296 sibi
893 245 1015 310 ipse
1033 245 1223 296 carior
1242 245 1339 306 sit,
1369 258 1530 310 quam
1552 247 1786 311 uterque
1805 251 2064 299 nostrum

460 320 549 366 est
579 313 761 373 alteri,
797 313 868 363 do
906 311 1154 376 dicoque·
1179 311 1284 361 tibi
1318 311 1770 361 commentarium
1801 313 1862 362 in
1881 313 2064 366 libros'

456 379 778 430 Aristotelis
800 379 868 430 de
889 384 1009 428 arte
1030 377 1272 438 dicendi,
1294 391 1470 442 nuper
1489 392 1522 429 a
1539 392 1646 438 me,
1667 383 1730 427 ut
1749 381 2062 430 commodis

455 445 773 496 auditorum
791 460 1041 496 meorum
1062 443 1435 503 consulerem,
1475 442 1678 493 Latino
1699 447 1976 506 sermone,
1998 452 2064 496 ut

454 512 631 578 potui,
652 525 969 576 expressos·
1043 511 1155 559 Cur
1189 524 1317 562 eum
1353 508 1601 560 laborem
1679 516 1768 560 ost
1797 515 1886 561 tot
1917 511 2061 563 alios

458 579 819 644 susceperim,
834 591 1013 642 neque
1023 575 1127 626 tibi
1148 577 1400 640 ignotum
1421 581 1636 637 est,eta
1659 577 1697 626 ii
1719 573 1822 627 ‘suo
1842 577 1973 628 loco
1993 593 2061 628 ae

454 649 709 710 tempore
744 645 864 693 sine
899 641 1019 692 ulla
1050 643 1109 690 in
1143 654 1304 706 quem
1347 657 1470 692 uam
1491 642 1834 694 contumelia
1851 643 2060 694 intelli-

458 716 608 778 gent.
680 709 852 759 Liber
880 707 1102 774 quidem
1139 722 1311 757 secun
1353 723 1416 758 us
1447 709 1724 760 eiusmodi
1743 713 1860 770 est,
1896 716 1960 760 ut
1974 747 1989 772 ,
2011 711 2063 760 si

456 776 667 842 singuli
685 775 819 826 libri
844 789 967 824 cum
990 774 1228 840 singulis
1262 773 1622 825 conferantur
1636 812 1651 837 ,
1673 777 1767 826 vix
1782 776 1958 827 ullum
1973 791 2060 827 re-

456 843 631 909 periri
648 855 817 906 posse
838 841 1049 907 opiner,
1073 840 1165 908 qui
1187 839 1311 906 plus
1332 840 1402 891 ad
1421 841 1770 906 prudentiam
1787 842 2058 894 conferat.

459 908 589 960 Tibi
616 913 802 958 autem
828 913 982 958 certo
1005 909 1125 958 scio
1144 907 1530 958 munusculum
1555 906 1664 958 hoc
1684 909 2059 974 gratissimum

456 975 733 1036 fore‚tum
750 979 947 1040 suapte
965 974 1037 1034 vi,
1059 979 1180 1024 tum
1197 972 1347 1039 quod
1367 973 1436 1023 ab
1458 972 1680 1024 homine
1697 975 1779 1024 tui
1799 975 2060 1026 amantis-

457 1043 601 1094 simo
640 1041 1033 1106 proficiscitur.
1101 1042 1180 1102 Ae
1218 1045 1442 1104 praeter
1479 1046 1694 1090 ceteras
1723 1041 2061 1106 voluptates,

496 1123 597 1158 uas
619 1123 687 1160 eo
710 1107 1017 1174 relegendo
1042 1108 1250 1172 capies,
1270 1106 1389 1167 illa,
1409 1112 1471 1156 ut
1493 1121 1684 1172 spero,
1706 1121 1816 1156 non
1836 1109 2061 1160 minima

478 1179 647 1227 ‘utura
666 1180 771 1236 est,
788 1173 937 1240 quod
957 1175 1179 1240 quoties
1201 1187 1322 1223 eam
1344 1178 1556 1237 partem
1573 1173 1857 1237 inspicies,-
1875 1174 1936 1223 in
1956 1187 2064 1240 qua

460 1255 704 1291 summus
732 1237 1123 1305 philosophus,
1165 1253 1308 1304 qnae
1336 1237 1632 1304 opulentos
1659 1254 1725 1289 ae
1745 1239 1966 1292 nobiles
1983 1241 2061 1290 vi·

455 1307 540 1356 tia
557 1307 815 1356 comitari
847 1306 1091 1366 soleant,
1132 1305 1333 1366 tradit,
1361 1312 1444 1365 te,
1468 1305 1562 1371 qui
1591 1310 1825 1372 utraque
1854 1320 1917 1357 re
1950 1321 2066 1357 non

456 1372 685 1432 multos,
707 1385 777 1421 ne
799 1371 933 1436 quid
952 1372 1178 1436 gravius
1200 1371 1407 1432 dicam,
1437 1372 1492 1420 in
1523 1372 1750 1422 civitate
1775 1377 1872 1422 tua
1902 1386 2062 1438 supe-

380 1433 384 1446 '
457 1437 638 1488 riores
668 1435 864 1488 habes:
906 1437 1149 1486 omnium
1177 1442 1362 1487 tamen
1379 1437 1590 1488 iudicio
1611 1437 1679 1486 ab
1702 1439 1784 1488 eis
1807 1439 2062 1490 omnibus

456 1504 610 1555 vitiis
631 1501 961 1571 longissime
980 1501 1180 1555 abesse
1203 1518 1530 1569 cognosces.
1601 1505 1898 1557 Mirificam
1917 1506 2065 1557 enim

460 1570 629 1625 etiam
660 1586 795 1639 erga
826 1570 1047 1621 infimos
1086 1572 1406 1622 comitatem
1433 1586 1499 1622 ac
1521 1570 1850 1623 facilitatem
1868 1586 2063 1640 perpe-

456 1644 555 1689 tuo
576 1640 844 1701 rainone,
879 1638 963 1689 ita
980 1644 1037 1689 te
1058 1640 1210 1704 geris
1223 1676 1238 1700 ‚
1268 1643 1329 1690 ut
1347 1638 1694 1689 nobilitatem
1717 1639 1940 1706 quidem
1958 1652 2061 1705 pro

454 1704 818 1757 incitamento
839 1741 856 1768 ,
900 1719 1035 1772 opes
1064 1712 1249 1756 autem
1276 1719 1378 1771 pro
1408 1706 1773 1755 instrumento
1797 1720 2060 1755 exercen-

458 1770 561 1821 dae
600 1773 823 1825 virtutio
861 1786 895 1821 a
930 1786 1115 1822 rernm
1146 1772 1388 1822 omnium
1415 1785 1548 1837 prae
1591 1772 1764 1821 otenti
1805 1771 2060 1849 Demae-

458 1838 696 1901 cepisse
726 1839 990 1890 videaris.
1059 1837 1219 1889 Vale.
1278 1838 1505 1893 Romae.
1581 1836 1693 1888 dib.
1741 1838 2055 1891 Februarii*

457 1916 772 1955 nnnxxvn.

672 2196 839 2249 XIX.
874 2197 951 2249 M.
996 2196 1410 2252 ANTONIUS
1446 2195 1836 2251 MURETUS
1929 2207 1948 2219 ⁰

760 2294 807 2333 S.
844 2294 909 2333 D.
946 2292 1164 2330 pauno
1205 2296 1512 2335 &iona-ro
1550 2284 1754 2347 suo.*)

520 2352 640 2433 Ex
687 2380 940 2431 omnibus
990 2385 1241 2433 veterum
1297 2385 1630 2449 scriptorum
1663 2375 2058 2444 monumentis,

457 2444 634 2498 Paule
674 2446 904 2497 Sacrate
925 2484 940 2509 ,
977 2446 1133 2497 'nulla
1163 2449 1320 2515 peius
1349 2452 1418 2501 ab
1447 2450 1762 2501 hominibus
1783 2450 2058 2515 imperitis

458 2524 525 2561 ae
579 2516 891 2563 temerariis
941 2512 1386 2583 flagitiosiusque
1419 2522 1660 2567 tractata
1689 2520 1851 2579 sunt,
1896 2528 2060 2583 quam

515 2590 557 2643 ⁸)
589 2590 804 2637 Praelixa
824 2598 895 2636 ent
915 2594 1025 2637 haee
1044 2594 1245 2649 epistola
1265 2598 1433 2639 Mureti
1463 2598 1782 2639 commentario
1805 2599 1860 2639 de
1881 2595 2059 2649 origine

459 2648 507 2689 et
525 2658 769 2701 progressu
792 2650 905 2691 iuris
921 2650 1124 2693 Romani.
1143 2650 1253 2694 vicl.
1275 2647 1458 2707 Opp.T.
1472 2652 1614 2707 1V.1›.
1631 2656 1722 2695 191.
1738 2656 1784 2694 et
1801 2650 1891 2695 111.
1905 2655 2054 2707 epam.

978 2930 1003 2947 l
