2275 3025
463 131 558 183 176
619 148 634 159 ·
1004 130 1081 179 Μ.
1118 130 1180 180 A.
1216 128 1532 180 MURETl

459 242 571 285 tum
593 244 786 295 sparsa
803 227 1160 280 multifariam
1182 228 1513 279 eruditionis
1537 231 1721 281 variae
1742 228 1907 291 notis,
1946 245 2059 281 non

461 304 672 349 tantum
707 296 853 345 dulci
895 310 1036 346 sono
1072 302 1333 345 tenerent
1355 310 1547 357 aures,
1584 298 1685 347 sed
1715 298 1883 347 etiam
1910 296 2058 347 omni

463 378 669 429 genere
707 361 1010 414 affectuum
1044 363 1272 413 intimos
1293 363 1633 413 audientium
1676 378 1871 413 sensus
1908 364 2058 428 cogi-

464 432 817 494 tationesque
863 434 1169 491 tentarent3
1252 428 1397 479 alios
1448 436 1643 479 contra
1667 457 1672 462 ·
1694 431 2059 495 ingenuarum

465 496 665 547 artium
685 496 920 547 scientia
940 495 1267 562 perpolitus,
1281 495 1434 544 nulla
1452 502 1636 546 tamen
1657 496 1952 562 diligentia
1970 501 2064 545 aut

465 562 829 614 diuturnitate
867 562 1038 612 studii
1076 576 1245 611 conse
1287 561 1345 610 ui
1373 576 1571 626 posse,
1604 569 1665 613 ut
1694 562 1881 628 aliquo
1918 561 2065 611 inter

467 632 663 697 poetas
690 642 919 677 numero
957 643 1023 676 ac
1042 627 1170 677 loco
1193 626 1264 677 ha
1304 634 1547 677 crentur.
1614 629 1689 679 Ut
1709 636 1893 677 autem
1914 630 2063 677 omni

468 694 742 761 elegantis
779 692 1068 743 doctrinae
1105 694 1475 755 tractatione,
1523 695 1609 744 ita
1646 693 1807 743 huius
1844 707 2065 759 quoque

466 762 692 811 virtutis
713 761 1055 823 praestantia
1089 758 1259 826 longe
1289 774 1457 824 supra
1482 766 1703 810 ceteros
1724 760 2066 811 Graecorum

469 824 750 877 hominum
771 825 998 893 ingenia
1016 823 1342 875 floruerunt.
1412 826 1645 875 Romani
1666 832 1724 876 et
1742 828 1923 877 serius
1942 826 2069 876 atti·

469 896 672 960 gerunt
697 894 992 955 poeticam,
1021 898 1079 941 et
1099 892 1395 941 coluerunt
1414 892 1789 958 negligentius
1804 930 1817 953 ‚
1836 898 1893 941 et
1910 890 2069 941 mini-

469 973 556 1011 me
585 958 755 1023 longo
781 965 1032 1023 tempore
1051 958 1108 1007 in
1129 966 1299 1009 recte*
1310 956 1725 1008 scribendorum
1754 961 2068 1025 poematum

469 1026 562 1077 via
579 1024 960 1091 perstiterunt.
1035 1024 1321 1091 Siquidem
1360 1040 1480 1075 cum
1503 1040 1537 1074 a
1554 1026 1782 1075 rudibus
1803 1025 1947 1090 apud
1968 1037 2071 1073 eos

467 1092 694 1159 poetica
711 1090 1515 1157 profectaprincipiis,tandem
1570 1106 1632 1141 er
1642 1092 1843 1141 multos
1866 1089 2071 1155 gradus

471 1158 542 1209 ad
561 1156 859 1223 Virgilium
883 1158 1253 1235 pervenisset,
1293 1173 1401 1223 quo
1425 1172 1531 1223 ego
1594 1160 1778 1208 omine
1801 1156 1941 1207 nibil
1960 1161 2069 1206 sta-

472 1232 569 1276 tuo
601 1224 723 1273 fieri
759 1230 1006 1291 potuisse
1037 1224 1303 1273 divinius:
1336 1224 1415 1275 ita
1434 1231 1632 1290 postea
1652 1236 1889 1289 coepere
1914 1221 2071 1287 inge-

473 1291 566 1341 nia
584 1290 639 1339 in
663 1290 910 1340 deterius
933 1289 1070 1349 labi,
1092 1284 1157 1339 ut'
1174 1291 1373 1339 mirum
1384 1292 1487 1349 sit,
1512 1297 1715 1355 quanta
1734 1304 1894 1355 quam
1912 1288 2075 1337 brevi

473 1364 722 1422 tempore
779 1356 853 1406 sit
908 1361 1211 1405 consecuta
1258 1357 1508 1406 mutatio.
1578 1356 1813 1421 Hispani
1870 1358 2072 1419 poetae

476 1424 862 1489 praecipue-et
885 1422 1119 1471 Romani
1147 1424 1419 1471 sermonis
1446 1422 1777 1489 elegantiam
1808 1420 2071 1471 contami-

476 1495 703 1551 narunt,
741 1495 816 1551 et,
857 1503 978 1538 cum
1012 1486 1262 1539 inflatum
1302 1487 1578 1554 quoddam
1618 1495 1676 1539 et
1712 1486 1979 1538 tumidum
2018 1492 2077 1536 et

478 1558 660 1625 gentis
695 1569 828 1606 suae
851 1555 1096 1606 moribus
1119 1570 1223 1605 con
1334 1570 1431 1605 ens
1449 1556 1791 1606 invexissent
1808 1554 2077 1604 orationis

480 1638 674 1690 genus,
695 1627 1018 1674 averterunt
1037 1637 1231 1686 exemp
1258 1638 1292 1671 o
1314 1637 1415 1672 suo
1438 1629 1657 1672 ceteros
1679 1637 1712 1672 a
1730 1627 1885 1672 recta
1899 1619 2003 1670 illa
2022 1625 2079 1668 et

479 1689 745 1756 simplici,
768 1690 827 1739 in
850 1704 960 1754 qua
980 1690 1279 1754 praecipua
1298 1695 1585 1753 poetarum
1612 1689 1723 1738 sita
1740 1688 1859 1738 laus
1880 1690 1997 1746 est,
2022 1690 2081 1735 et

480 1757 536 1806 in
569 1771 728 1822 quam
763 1758 1081 1822 superiores
1106 1755 1257 1806 omni
1276 1755 1462 1805 studio
1483 1755 1874 1814 incubuerant,
1897 1752 2079 1804 imita-

481 1821 636 1872 tione
658 1827 906 1872 naturae.
975 1821 1168 1887 Itaque
1190 1821 1310 1871 fere
1370 1828 1460 1871 ost
1476 1822 1705 1888 Augusti
1730 1827 1997 1884 tempora,
2020 1823 2083 1868 ut

483 1887 717 1952 quisque
745 1901 964 1937 versum
990 1889 1227 1940 maxime
1254 1889 1311 1938 in
1355 1895 1568 1952 aver-at,
1600 1887 1931 1937 sententiam
1969 1899 2081 1936 ma-

481 1952 629 2003 xime
661 1959 1037 2016 contorserat,
1068 1969 1136 2004 eo
1170 1955 1408 2020 denique
1438 1953 1605 2004 modo
1635 1953 1857 2002 locutus
1876 1951 2081 2010 fuerat,

485 2033 594 2086 quo
626 2033 789 2068 nemo
833 2020 982 2070 serio
1018 2019 1230 2070 soleret
1264 2019 1443 2086 loqui,
1484 2020 1566 2080 ita
1592 2020 1646 2068 in
1676 2021 1859 2085 pretio
1888 2017 2082 2068 haberi

483 2086 688 2156 coepit.
761 2083 906 2144 Quin
936 2089 1100 2137 etiam
1127 2085 1348 2136 fucatus
1385 2085 1483 2135 ille
1508 2086 1772 2150 splendor
1793 2090 1852 2134 et
1872 2084 2083 2135 adulte·

481 2153 605 2202 rina
632 2151 984 2218 eloquentiae
1023 2153 1241 2218 species
1266 2153 1344 2201 ita
1366 2152 1777 2211 nonnullorum,
1806 2153 1901 2216 qui
1918 2163 2085 2200 verae

483 2219 838 2286 eloquentiae
865 2219 1227 2284 gustum’non
1249 2217 1478 2279 habent,
1512 2219 1834 2268 occaecavit
1850 2217 2085 2276 animos,

482 2292 546 2336 ut
576 2285 661 2336 his
694 2297 914 2352 quoque
955 2284 1299 2350 temporibus
1338 2276 1655 2334 exstiterint
1690 2284 1927 2350 Hispani
1955 2283 2088 2343 du0‚

481 2349 734 2403 homines
795 2351 1084 2416 ceteroqui
1123 2355 1181 2398 et
1214 2351 1465 2416 inprimis
1524 2349 1727 2402 eruditi
1767 2355 1825 2400 et
1860 2349 1973 2398 scri
2014 2349 2089 2398 tis

484 2415 650 2465 editis
675 2414 921 2476 nobiles3
981 2430 1177 2464 uorum
1198 2415 1340 2465 alter
1356 2415 1640 2465 Lucanum
1663 2415 1921 2480 Virgilio,
1944 2429 1981 2464 a
2003 2420 2092 2466 ter

482 2481 796 2530 Martialem
817 2429 1035 2530 Catullo
1057 2486 1395 2550 anteponere
1417 2484 1625 2531 veritus
1646 2497 1756 2531 non
1776 2487 1880 2531 est.
1938 2479 2089 2541 Quo-

483 2561 603 2594 rum
631 2544 698 2594 ab
730 2549 967 2611 utroque
995 2545 1074 2594 ita
1095 2545 1394 2608 dissentio,
1434 2552 1520 2609 ut,
1553 2549 1603 2595 si
1624 2549 1747 2612 quis
1768 2547 1905 2596 deus
1932 2553 2089 2612 pote-

483 2616 683 2661 statem
700 2607 835 2659 mihi
859 2611 1251 2675 optionemque
1272 2611 1473 2676 faciat,
1511 2627 1623 2662 non
1644 2611 1826 2662 dicam
1842 2609 2089 2680 Virgilii,
2176 2647 2181 2652 -
