2275 3025
229 161 485 215 EPIST.
522 161 674 215 Lm.
711 159 819 214 111.
856 161 974 213 ΕΡ.
1010 158 1295 214 xxxvl.
1331 162 1644 218 xxxvn.
1679 165 1779 219 253

191 267 248 312 et
267 262 517 329 exemplo
554 267 613 314 te
651 267 709 312 et
744 259 1133 312 cohortatione
1174 275 1301 313 mea
1335 262 1622 316 incitatum
1664 265 1780 317 elo·

190 330 443 405 quentiae
468 329 654 379 studio
678 328 981 378 exarsissez
1022 341 1202 394 neque
1227 328 1287 378 id
1308 328 1486 379 minus
1506 329 1638 382 mihi
1659 333 1778 398 glo·

186 407 393 445 riosum
415 395 690 454 ducerem,
714 408 877 459 quam
911 399 1009 444 aut
1025 393 1320 446 Herodoto
1342 400 1438 444 aut
1457 395 1776 450 Callistrato

186 457 309 522 fuit,
328 461 416 510 illi
434 459 838 527 Thucydidem,
860 457 989 510 huic
1018 458 1452 510 Demosthenem
1474 461 1544 512 ad
1577 475 1646 512 ea
1663 467 1778 514 stu·

187 525 295 588 dia,
320 528 375 577 in
415 527 613 594 quibus
651 533 885 592 uterque
912 533 1112 592 postea
1147 527 1449 592 principem
1478 526 1661 578 locum
1695 534 1778 580 tc·

185 593 321 655 miit,
344 594 640 644 excitasse.
710 592 822 644 Sed
845 607 1065 654 vereor,
1087 606 1160 642 ne
1178 598 1256 654 tu,
1277 607 1378 659 pro
1397 593 1515 656 illa,
1537 608 1678 662 quae
1695 595 1778 646 ita

182 660 376 723 generi
398 665 586 709 vestro
608 659 833 726 propria
852 673 916 708 ac
936 666 1206 724 perpetua
1227 665 1330 720 est,
1361 665 1423 709 ut
1441 660 1499 709 in
1516 665 1575 710 te
1593 666 1777 714 tamen

181 723 317 774 mihi
339 724 560 792 quidem
571 739 791 792 semper
809 727 1051 776 eminere
1063 732 1287 792 praeter
1305 731 1524 776 ceteros
1546 726 1666 777 visa
1683 727 1776 792 sit,

182 787 525 842 humanitate
543 806 609 842 ac
632 793 913 854 comitate,
949 791 1007 842 id
1034 790 1171 844 mihi
1191 797 1387 858 sponte
1410 791 1656 843 tribuere
1681 807 1775 845 vo·

179 855 372 917 lucris,
407 857 555 922 quod
594 856 889 920 hominem,
925 871 1089 924 quem
1112 859 1199 908 tui
1227 858 1774 912 observantissimum

180 927 239 972 et
257 924 473 989 gratiae
496 929 624 974 tuae
645 924 1056 990 cupidissimum
1079 939 1204 976 esse
1233 938 1559 990 cognosces,
1599 925 1773 978 liben-

176 990 394 1039 tissime
414 989 727 1041 auditurum
749 996 989 1055 putares.
1038 991 1174 1042 Utut
1191 998 1372 1041 tamen
1397 995 1500 1054 est,
1523 991 1655 1042 nolo
1680 991 1774 1042 ob-

177 1059 329 1105 stare
350 1057 471 1121 ipse
493 1055 755 1107 felicitati
790 1071 966 1116 meae,
1006 1072 1077 1106 ne
1115 1070 1186 1106 ue
1222 1058 1588 1118 committere,
1627 1063 1690 1108 ut
1718 1065 1776 1108 et

179 1119 282 1170 tibi
304 1121 504 1182 minus,
525 1136 685 1187 quam
705 1136 806 1189 par
824 1129 928 1184 est,
943 1121 1072 1172 fidei
1130 1121 1354 1172 abuisse
1373 1122 1582 1184 videar,
1597 1129 1654 1174 et
1668 1121 1776 1174 hoc

178 1192 335 1237 tanto
357 1193 581 1254 tamque
602 1189 886 1254 insperato
908 1189 1133 1256 gaudie,
1173 1189 1322 1254 quod
1340 1186 1476 1239 mihi
1496 1202 1529 1239 a
1547 1195 1604 1239 te
1625 1189 1775 1241 obie-

179 1259 328 1303 ctum
350 1259 456 1314 est,
472 1256 649 1305 minus
670 1254 882 1320 liquido
902 1270 967 1306 ac
989 1255 1208 1305 sincero
1234 1254 1403 1305 fruar.
1452 1254 1622 1305 Dicar
1641 1270 1775 1306 sane

181 1324 237 1368 et
260 1333 405 1370 nunc
424 1325 482 1369 et
502 1319 646 1385 apud
678 1325 955 1385 posteros,
983 1322 1220 1371 Ascanio
1250 1321 1570 1384 Columnae,
1591 1321 1776 1388 magni

176 1383 330 1436 illius
350 1383 428 1435 Μ.
448 1384 673 1438 Antonii
690 1387 828 1450 mio,
868 1387 1148 1438 Romanae
1184 1387 1484 1438 iuventutis
1520 1388 1776 1455 principi,

180 1449 291 1501 dux
312 1457 372 1502 et
382 1458 578 1503 auctor
596 1453 666 1504 ad
687 1453 1060 1520 eloquentiam
1077 1453 1278 1516 fuisse,
1318 1469 1425 1521 qua
1444 1453 1542 1504 ille
1559 1462 1562 1467 ·
1580 1460 1778 1522 postea

178 1533 289 1569 non
320 1533 409 1570 me
446 1520 633 1582 modo,
673 1522 763 1589 qui
798 1536 957 1587 quam
988 1537 1099 1573 non
1134 1522 1402 1573 excellam
1429 1523 1632 1584 sentio,
1675 1522 1773 1582 sed

179 1598 373 1637 omnes
396 1586 657 1652 aequales
696 1603 829 1637 suos
867 1602 1068 1654 magna
1106 1588 1346 1637 omnium
1379 1602 1502 1637 cum
1542 1587 1775 1637 admira·

175 1650 331 1701 tione
356 1653 647 1716 superarit.
706 1652 1027 1704 Gloriosum
1042 1650 1174 1703 mihi
1198 1652 1367 1701 fuerit
1387 1651 1457 1700 ab
1479 1664 1548 1699 eo
1571 1653 1775 1704 victum

175 1714 373 1777 fuisse,
416 1718 571 1766 cuius
598 1730 705 1782 ego
734 1724 963 1783 patrem,
1002 1718 1071 1767 de
1110 1718 1260 1767 victo
1300 1717 1574 1766 communi
1613 1714 1774 1767 hoste

174 1778 621 1847 triumphantem,
650 1779 1099 1849 frequentissima
1157 1782 1307 1847 opuli
1327 1781 1479 1831 Rom.
1506 1780 1774 1833 concione

174 1848 524 1900 celebr-arim.
554 1848 605 1909 Ἴ
674 1848 857 1927 Perge
886 1848 1077 1915 igitur,
1155 1847 1325 1907 scuni,
1358 1860 1546 1913 perge,
1576 1847 1774 1900 Roma·

172 1927 279 1966 nae
312 1913 623 1965 nobilitatis
650 1914 909 1965 eximium
938 1913 1127 1975 decus,
1166 1918 1223 1963 et
1243 1928 1364 1963 cum
1386 1911 1774 1981 philosophiae

165 1994 238 2031 ac
258 1979 726 2047 iurisprudentiae
748 1980 966 2041 studiis,
992 1981 1049 2030 in
1070 1979 1268 2047 quibus
1286 1980 1554 2032 mirificos
1569 1987 1627 2031 te
1683 1994 1772 2033 ro·

172 2060 405 2112 gressus
424 2045 628 2097 fecisse
649 2052 708 2097 et
741 2048 908 2099 audio
926 2053 983 2097 et
1000 2045 1168 2098 facile
1189 2046 1375 2109 credo,
1396 2049 1560 2097 istam
1577 2060 1678 2099 orn
1741 2062 1772 2099 e

174 2113 517 2179 copioseque
560 2112 778 2165 dicendi
808 2113 1027 2165 laudem
1046 2114 1340 2180 coniunge.
1409 2112 1495 2163 De
1517 2113 1771 2166 oratione

172 2187 271 2230 tua
289 2179 547 2245 ingentes
569 2179 672 2232 tibi
691 2181 900 2247 gratias
928 2194 1058 2247 ago,
1077 2186 1242 2247 atque
1263 2194 1296 2229 a
1312 2185 1371 2230 te
1389 2184 1543 2245 peto,
1572 2179 1622 2229 si
1640 2178 1773 2244 quid

172 2251 375 2308 postea
394 2245 664 2297 eiusmodi
687 2246 948 2309 edideris,
986 2248 1068 2297 uti
1107 2261 1195 2300 me
1223 2246 1547 2313 participem
1575 2242 1767 2297 facias.

173 2310 296 2377 Ego
319 2325 541 2377 quoque
560 2326 810 2364 meorum
829 2314 901 2365 ali
944 2314 1039 2364 uid
1058 2314 1131 2365 ad
1151 2320 1207 2363 te
1225 2313 1456 2373 mittem,
1497 2309 1548 2360 si
1576 2322 1647 2361 ex
1682 2308 1770 2361 lit-

173 2379 313 2427 teris
334 2378 444 2429 tuis
470 2384 689 2446 gratum
709 2380 812 2431 tibi
832 2381 891 2433 id
936 2394 1036 2431 ore
1074 2392 1415 2447 cognovero.
1471 2375 1628 2427 Vale.
1663 2375 1772 2429 Ro·

175 2456 315 2493 mae.
334 2443 489 2497 Prid.
514 2444 593 2497 ld.
618 2444 777 2499 lunii,
798 2460 1086 2499 nnnxxxx.

229 2540 272 2595 ³)
304 2541 451 2586 Oratt.
472 2543 577 2588 vol.
594 2543 633 2587 1.
655 2548 720 2589 1⁹.

784 2678 1180 2693 -———--—-
