2275 3025
399 839 499 915 Μ.
565 793 1104 915 ἈΝΤΟΝΠ
1196 840 1652 917 MURE'rl

240 964 1899 1124 EPISTOL'ARUM·

593 1193 1463 1295 LleERPRIMUS.

494 1547 548 1617 ¹1.
581 1564 658 1616 Μ.
699 1563 1114 1618 ANTONIUS
1159 1564 1551 1619 MURETUS

247 1645 486 1684 ῙΟΔΝΝῙ
537 1646 817 1684 ΝΙῦΟΤῙΟ
869 1648 926 1684 V.
985 1647 1167 1685 CLAR.
1224 1647 1659 1686 consnanuo
1705 1647 1812 1684 RE·

879 1715 992 1752 010
1029 1715 1076 1754 Β.
1113 1715 1173 1753 D.

308 1761 553 1851 Multae
573 1815 770 1852 causae
792 1807 945 1864 sunt,
970 1801 1206 1852 Ioannes
1224 1801 1442 1862 Nicoti,
1474 1802 1561 1850 vir
1578 1799 1815 1850 clarissi-

244 1880 356 1926 me,
393 1874 618 1935 propter
641 1882 772 1935 quas
806 1883 1129 1936 magnorum
1164 1873 1225 1917 et
1245 1868 1542 1918 illustrium
1575 1866 1819 1918 virorum

245 1950 276 1983 e
313 1933 513 1986 istolae
534 1942 873 2001 expetantur.
945 1935 1108 1996 Sunt,
1137 1947 1273 2000 quas
1301 1934 1569 1984 sermonis
1590 1935 1739 1983 nitor
1758 1939 1814 1983 et

244 2015 276 2050 e
300 2001 521 2067 egantia
559 2008 616 2052 et
660 2003 844 2052 nativa
867 2002 1134 2068 quaedam
1199 1997 1535 2064 ulchritudo,
1556 2001 1734 2062 nullo,
1752 2007 1817 2052 ut

241 2066 487 2131 videtur,
525 2069 759 2120 artificio
779 2068 1023 2131 exculta,
1056 2084 1091 2118 n
1180 2068 1223 2118 ’s
1249 2067 1539 2136 pigmentis
1567 2068 1817 2119 colorata

224 2135 602 2185 0c0mmendet.
673 2134 812 2187 Sunt
830 2139 1048 2198 contra,
1078 2149 1219 2202 quae
1240 2142 1297 2187 et
1314 2135 1604 2187 verborum
1624 2142 1680 2186 et
1694 2150 1815 2186 sen·

242 2201 534 2252 tentiamm
551 2202 771 2253 minime
787 2203 1010 2270 vulgato
1023 2217 1225 2270 genere
1237 2203 1442 2254 cultum
1452 2210 1509 2254 et
1526 2203 1816 2254 artificium

245 2274 539 2321 ostentent.
606 2267 913 2321 Nonnullae
945 2271 1109 2321 etiam
1126 2271 1208 2321 ita
1228 2271 1466 2338 scriptae
1486 2276 1636 2332 sunt,
1657 2276 1719 2320 ut
1736 2267 1815 2318 hi-

241 2337 468 2386 storiam
489 2336 644 2403 quasi
663 2338 929 2418 quandam
949 2338 1267 2389 contineant
1284 2353 1471 2389 eorum
1490 2344 1815 2403 temporum,

242 2402 440 2470 quibus
458 2403 527 2466 ii,
561 2404 652 2468 qui
671 2405 796 2456 illas
816 2404 1113 2471 scripsere,
1150 2405 1419 2455 vixerunt.
1483 2405 1658 2483 Atque
1691 2400 1813 2464 hae,

240 2467 362 2520 'sive
383 2485 416 2519 a
454 2471 677 2521 disertis
704 2477 761 2522 et
786 2474 1147 2551 ingenuarum
1173 2473 1372 2522 artium
1391 2473 1623 2522 scientia
1650 2482 1815 2534 expo-

239 2535 359 2586 litis
379 2533 686 2588 hominibus
714 2538 1043 2604 prodierint,
1070 2543 1228 2588 tanto
1260 2538 1508 2605 cupidius
1534 2536 1815 2602 leguntur3

243 2603 362 2653 sive
392 2604 558 2653 etiam
582 2603 654 2654 ab
682 2604 778 2667 iis,
817 2604 909 2671 qui
935 2605 1125 2671 lepore
1154 2619 1219 2655 ac
1253 2605 1555 2656 festivitate
1597 2602 1817 2653 dicendi

243 2671 538 2733 caruerint,
561 2687 670 2721 non
688 2676 868 2722 tamen
885 2678 1181 2738 propterea
1200 2672 1565 2738 negliguntur.
1632 2667 1815 2718 Histo-

240 2735 331 2787 ria
353 2737 523 2799 enim,
560 2738 639 2786 ait
660 2737 898 2800 Plinius,
933 2752 1140 2803 quoquo
1171 2737 1323 2787 modo
1352 2737 1550 2804 scripta
1577 2735 1813 2788 delectat.

241 2802 456 2855 Graves
486 2804 752 2870 quaedam
782 2811 839 2855 et
862 2801 1280 2869 philosophicae
1316 2803 1484 2854 officii
1520 2805 1817 2866 praecepta

238 2870 494 2940 tradunt,
522 2869 692 2923 falsas
715 2871 999 2938 opiniones
1021 2867 1263 2919 evellunt
1282 2883 1351 2919 ex
1369 2868 1563 2984 {tignis
1578 2898 1594 2924 ,
1615 2865 1815 2925 quanta
