2275 3025
636 159 897 210 EPIST.
927 157 1083 208 121ss.
1112 157 1219 209 111.
1249 157 1370 207 EP.
1401 155 1588 206 LXX.
1811 157 1906 208 295

262 263 271 274 ⁸
317 261 485 311 amari
508 263 681 326 putet.
751 258 909 308 Nunc
930 257 998 306 ad
1020 263 1223 307 cetera.
1293 255 1379 305 De
1406 253 1677 306 Pederico
1701 257 1908 308 Silbur-

318 329 431 393 gio,
464 327 558 392 qui
578 339 663 374 me
686 326 792 375 sibi
815 323 1077 390 quasdam
1098 325 1156 372 in
1182 323 1666 372 Halicarnasseum
1690 330 1745 372 et
1765 325 1908 374 alios

318 398 478 442 notas
498 393 808 457 pollicitum
830 405 955 440 esse
984 389 1088 450 ait,
1128 389 1246 437 fieri
1272 385 1492 454 quidem
1515 393 1716 454 potest,
1752 396 1813 438 ut
1832 391 1911 439 ita

318 460 413 520 sit3
443 472 619 522 neque
642 470 747 522 ego
772 457 839 506 de
861 469 949 517 eo,
987 469 1148 520 quem
1167 459 1227 502 tu
1249 463 1305 502 et
1333 454 1710 503 doctissimum
1744 461 1798 504 et
1819 454 1914 504 hu·

316 525 691 572 manissimum
714 536 839 572 esse
852 521 1066 582 scribis,
1082 520 1377 586 quidquam
1401 521 1624 585 sequius
1645 521 1912 584 suspicari

320 589 524 638 debeo:
562 589 663 637 sed
684 593 883 648 tamen,
924 588 1070 654 quod
1091 589 1240 637 inter
1259 601 1361 650 nos
1384 586 1588 635 dictum
1611 586 1708 645 sit,
1737 600 1915 651 neque

319 654 574 703 Federici
594 656 767 717 ipsius
789 655 1026 714 memini,
1059 668 1238 718 neque
1258 667 1344 702 me
1367 652 1660 717 quidquam
1682 652 1802 702 eius
1824 665 1916 717 ge-

320 722 469 769 neris
492 721 744 784 cuiquam
767 719 1042 770 Germano
1065 719 1376 785 pollicitum
1397 733 1539 768 esse.
1613 718 1699 777 Et,
1740 724 1801 768 ut
1827 731 1919 766 ve·

318 801 437 835 rum
458 785 653 846 fatear,
674 785 1052 852 typographus
1073 785 1188 848 iile,
1203 799 1362 850 quem
1384 786 1652 846 nominas,
1673 783 1918 849 pessime

320 849 410 900 hic
430 851 718 916 religionis
743 854 959 902 nomine
981 853 1162 914 audit,
1183 858 1244 902 ut
1264 851 1558 918 quidquam
1580 866 1702 900 cum
1731 865 1799 899 eo
1824 848 1918 898 ha-

321 917 454 968 bere
477 918 791 967 commercii
814 933 990 983 neque
1032 919 1171 968 satis
1197 924 1374 967 tutum
1413 931 1590 982 neque
1612 919 1749 966 satis
1772 917 1916 981 pium

324 997 447 1034 esse
470 983 739 1033 videatur.
771 984 1058 1049 Cogitabis
1076 983 1310 1048 hocipse
1325 989 1505 1032 tecum
1518 983 1682 1048 paulo
1700 995 1921 1031 accura-

323 1051 452 1110 tius,
477 1065 691 1115 meque,
716 1049 764 1100 si
784 1050 843 1098 id
862 1051 1000 1098 tanti
1039 1050 1277 1113 putabiS,
1312 1049 1441 1114 quid
1470 1050 1553 1097 tui
1595 1047 1818 1096 consilii
1854 1060 1924 1095 ae

325 1117 633 1164 sententiae
656 1116 747 1176 sit,
775 1116 1114 1166 admonebis,
1184 1113 1363 1164 Venio
1389 1129 1532 1164 nunc
1571 1113 1639 1162 ad
1676 1113 1922 1163 ultimam

325 1180 597 1245 epistolae
618 1187 745 1229 tuae
768 1187 1004 1246 partem,
1043 1181 1100 1229 in
1139 1195 1248 1246 qua
1286 1179 1538 1229 omnibus
1569 1193 1638 1230 ex
1675 1177 1924 1244 partibus

326 1260 451 1296 sese
482 1252 608 1295 tuus
637 1246 733 1295 ille
772 1261 936 1310 saepe
975 1252 1256 1313 spectatus
1290 1247 1345 1295 in
1374 1260 1460 1296 me
1482 1260 1640 1296 amor-
1654 1243 1919 1295 ostendit.

328 1311 490 1371 Quod
516 1313 617 1372 ais,
638 1312 801 1361 istius
827 1312 1205 1362 nubilissimae
1227 1313 1469 1363 civitatis
1491 1313 1542 1373 *)
1564 1311 1924 1378 magistratus

326 1392 494 1442 saepe
522 1378 590 1427 de
612 1393 696 1427 me
718 1379 773 1428 in
796 1378 1011 1445 Sigonii
1030 1381 1126 1426 τοῦ
1154 1381 1444 1444 μακαρίτου
1465 1379 1650 1430 locum
1671 1377 1922 1428 vocando

326 1459 391 1493 ac
412 1445 797 1495 substituendo
816 1446 1121 1511 cogitasse;
1145 1446 1248 1495 sed
1266 1461 1386 1495 cum
1403 1447 1627 1505 scirent,
1643 1444 1922 1509 quomodo

328 1508 418 1560 hic
438 1526 527 1561 res
550 1526 706 1561 meae
727 1514 1060 1563 constitutae
1082 1527 1148 1562 ac
1167 1512 1558 1563 constabilitae
1581 1512 1710 1572 sint,
1739 1516 1926 1575 putas·

328 1591 407 1636 se,
445 1592 531 1626 me
570 1594 677 1627 non
714 1577 881 1627 facile
914 1577 982 1627 ad
1006 1593 1125 1627 eam
1148 1579 1524 1628 conditionem
1546 1576 1922 1640 accipiendam

324 1642 525 1691 adduci
547 1656 737 1706 posse3
760 1643 959 1706 quodsi
980 1657 1131 1707 spem
1154 1644 1394 1705 aliquam
1417 1643 1716 1691 ostendero
1738 1654 1924 1689 mune·

324 1709 402 1756 ris
440 1707 592 1756 illius
630 1722 740 1755 non
780 1707 1145 1767 detrectandi,
1183 1713 1239 1757 et
1259 1708 1412 1770 ipsos
1453 1707 1650 1770 cupide
1674 1705 1924 1755 facturos

327 1772 529 1830 omnia,
572 1776 627 1819 et
646 1777 703 1819 te
726 1770 977 1820 studiose
1000 1786 1223 1836 operam
1254 1772 1525 1831 daturum,
1570 1778 1630 1821 ut
1664 1771 1722 1820 id
1763 1784 1924 1836 quam

327 1836 567 1885 maximo
589 1851 712 1885 meo
738 1837 1027 1885 commodo
1052 1837 1170 1885 fiat:
1200 1837 1431 1902 primum
1454 1836 1636 1897 video,
1662 1842 1922 1902 quantum

323 1900 407 1951 illi
426 1901 873 1965 splendidissimo
896 1907 953 1951 et
972 1900 1402 1953 honoratissimo
1424 1903 1526 1951 XL
1545 1904 1720 1952 virum
1743 1903 1923 1952 consi·

325 1967 404 2016 lio
428 1967 675 2027 debeam,
720 1968 809 2031 qui
836 1967 905 2017 de
924 1982 1029 2029 me,
1074 1966 1296 2019 homine
1325 1968 1476 2019 nulla
1515 1970 1717 2019 eximia
1741 1969 1922 2019 erudi-

323 2034 478 2082 tione
515 2034 785 2098 praedito,
813 2040 922 2083 tam
963 2032 1325 2085 honorificum
1364 2036 1624 2086 iudicium
1660 2035 1922 2095 fecerint,

320 2098 527 2147 deinde
550 2100 667 2160 tibi,
698 2100 936 2165 Pompili
956 2102 1307 2162 amicissime,
1333 2101 1420 2151 vel
1442 2101 1546 2151 hoc
1568 2117 1676 2151 uno
1699 2100 1920 2151 nomine

326 2166 407 2213 ita
428 2178 551 2214 esse
573 2181 660 2214 me
684 2166 1005 2216 obstrictum
1028 2182 1092 2216 ac
1114 2168 1425 2217 devinctum
1467 2182 1732 2233 agnosco,
1761 2173 1823 2217 ut
1841 2172 1921 2215 te-

327 2245 447 2279 cum
482 2246 721 2296 unquam
758 2233 913 2297 paria
950 2232 1193 2283 faciendi
1219 2234 1397 2283 omnis
1424 2232 1557 2283 mihi
1591 2247 1718 2296 spes
1757 2233 1919 2297 plane

324 2297 577 2361 praecisa
596 2299 684 2347 sit.
756 2297 1043 2363 Equidem,
1064 2300 1111 2348 si
1145 2300 1309 2364 paulo
1330 2300 1507 2348 minus
1522 2298 1700 2347 'senex
1719 2312 1920 2359 essem,

326 2378 436 2412 non
452 2364 713 2413 ambirem
736 2364 955 2430 quidem
977 2366 1143 2414 istum
1166 2363 1393 2415 honoris
1409 2364 1922 2431 gradum,conscius

326 2428 462 2479 mihi
500 2431 788 2480 tenuitatis
818 2445 996 2491 meae,
1039 2432 1135 2481 sed
1177 2432 1322 2480 ultro
1364 2431 1604 2480 delatum
1652 2430 1771 2479 sine
1810 2429 1926 2480 ulla

326 2495 731 2547 detrectatione
772 2497 1089 2546 avidissime
1128 2498 1447 2561 arriperem.
1535 2494 1720 2557 Nunc,
1761 2510 1922 2561 quam

380 2577 421 2631 ⁸¹)
445 2578 765 2677 tBnntoniennin.
783 2578 838 2620 In
857 2576 941 2621 hac
959 2579 1077 2621 enim
1090 2578 1323 2631 Sigonium
1343 2586 1561 2621 mortuum
1583 2590 1684 2619 ene
1705 2576 1907 2619 ΤΙιοπιιιι

326 2647 443 2677 anno
468 2647 539 2677 avi
566 2664 576 2677 .
