2275 3025
379 186 479 236 294
918 186 995 237 M.
1031 149 1091 236 Α.
1129 185 1443 238 MURETI

586 285 774 337 Lxx.
818 287 895 338 M.
932 285 1346 338 ANTONIUS
1383 283 1768 338 MURETUS

670 383 999 420 rom-usto
1040 382 1342 420 AMAsAEo
1389 383 1516 419 suo
1555 383 1601 419 s.
1635 383 1694 418 n.

454 451 646 548 Quod
669 485 741 535 ad
761 485 1137 536 amantissime
1161 487 1394 550 scriptas
1418 485 1632 534 litteras
1651 489 1776 534 tuas
1800 485 1981 536 serius

385 567 547 616 quam
567 567 666 617 par
688 557 807 602 erat
826 552 1161 618 respondem
1183 557 1314 614 peto
1338 567 1371 622 a
1389 557 1445 600 te
1464 587 1478 611 ,
1500 551 1637 601 ut‘id
1659 565 1758 616 pro
1795 557 1986 600 cetera

383 625 481 668 tua
501 616 841 668 humanitate
878 623 1178 682 nostraque
1200 617 1374 666 veteri
1397 618 1641 666 amicitia
1661 631 1768 665 non
1803 616 1982 666 dicam

386 684 863 749 occupationibus,
905 683 1001 734 sed
1044 683 1280 732 afflictae
1311 683 1615 739 valetudini
1653 697 1812 732 meae
1847 681 1982 731 mul-

385 751 568 816 tisque
585 750 881 810 molestiis,
904 749 1101 814 quibus
1122 747 1231 798 hoc
1249 755 1370 798 toto
1408 754 1660 815 tempore
1699 746 1988 798 conflicta-²

385 823 476 866 tus
499 830 637 875 sum,
656 815 1077 864 condonandum
1096 820 1274 879 putes.
1331 814 1469 864 Nam
1493 831 1615 864 cum
1631 820 1850 864 ⁴sextum
1871 815 1984 863 iam

386 895 629 932 mensem
652 881 823 930 tantis
857 882 1113 930 tibiarum
1136 895 1203 930 ac
1222 882 1420 946 pedum
1440 881 1726 938 doloribus
1749 885 1981 930 vexatus

388 949 509 1008 sim,
541 953 604 996 ut
642 947 837 998 ardere
870 947 1145 997 interdum
1181 946 1316 997 mihi
1343 947 1581 1008 viderer,
1618 961 1792 1012 eaque
1813 960 1902 996 res
1926 950 1984 995 et

386 1013 521 1064 mihi
560 1028 809 1063 somnum
830 1013 1115 1075 adimeret,
1140 1019 1196 1062 et
1217 1015 1476 1073 efficeret,
1515 1018 1577 1062 ut
1601 1027 1780 1077 neque
1801 1011 1983 1061 cibum

388 1087 725 1148 appeterem,
762 1086 819 1130 et
846 1079 1119 1146 idipsum,
1146 1078 1292 1145 quod
1315 1079 1614 1144 capiebam,
1651 1095 1760 1128 non
1783 1092 1984 1128 conco-

312 1180 321 1192 ,
388 1161 633 1212 querem,
654 1146 798 1196 unde
820 1147 1125 1196 mirabilem
1143 1146 1469 1196 cruditatem
1491 1145 1731 1194 existere
1751 1158 1984 1194 necesse

390 1220 535 1264 erat:
574 1215 656 1262 ita
674 1228 759 1262 me
783 1213 1113 1264 diuturnitas
1133 1211 1314 1262 morbi
1336 1217 1392 1261 et
1417 1211 1738 1277 magnitudo
1769 1209 1984 1260 doloris

392 1277 744 1338 efferaverat,
781 1285 843 1328 ut
879 1275 1057 1342 ἄγριός
1093 1297 1173 1332 τις
1199 1280 1283 1324 καὶ
1321 1273 1603 1342 ἀπρόσιτος
1637 1279 1984 1341 γεγενημένος,

390 1343 627 1408 Telephi
668 1343 902 1394 alicuius
942 1350 1037 1394 aut
1058 1343 1425 1405 Philoctetae,
1464 1359 1622 1410 quam
1641 1345 1784 1403 eius,
1823 1355 1986 1407 quem

391 1425 478 1460 me
536 1410 698 1459 amici
747 1423 964 1474 semper
1014 1409 1418 1471 iudicaverant,
1470 1411 1706 1460 similior
1747 1407 1984 1458 viderer.

396 1475 710 1527 Accedebat
732 1489 799 1525 eo
822 1490 997 1542 aeque
1020 1477 1329 1538 diuturnus,
1349 1477 1486 1538 -sed‚
1509 1484 1570 1527 ut
1588 1491 1678 1527 res
1700 1478 1822 1541 ipsa
1840 1488 1988 1540 mag-

394 1558 465 1594 no
488 1559 610 1593 cum
644 1557 768 1593 meo
806 1558 1061 1593 moerore
1104 1544 1312 1604 docuit,
1350 1544 1721 1609 periculosior
1762 1539 1988 1591 morbus

394 1610 726 1660 nobilissimi
750 1617 807 1661 et
834 1608 1213 1661 humanissimi
1233 1610 1606 1661 adolescentis
1634 1606 1852 1668 Poloni,
1876 1608 1990 1672 qui,

396 1692 516 1726 cum
538 1678 595 1725 in
616 1678 845 1729 aedibus
866 1680 1002 1727 meis
1024 1678 1401 1727 diversaretur
1419 1677 1520 1727 sub
1539 1677 1595 1726 id
1617 1676 1736 1725 fere
1755 1680 1993 1739 tempus,

396 1758 503 1809 quo
525 1750 653 1793 tuae
684 1744 905 1794 litterae
927 1743 1061 1794 mihi
1094 1742 1345 1793 redditae
1360 1748 1502 1804 sunt,
1525 1742 1651 1792 tabe
1673 1745 1992 1791 consumtus

398 1816 504 1860 est:
528 1824 635 1875 quo
655 1814 843 1859 tantus
864 1811 1113 1860 cumulus
1136 1810 1356 1860 additus
1379 1816 1466 1859 est
1479 1809 1546 1858 ad
1569 1808 1720 1859 illam
1744 1807 1992 1871 superio-

396 1890 514 1925 rem
529 1876 697 1924 animi
717 1878 825 1925 mei
847 1876 1272 1941 aegritudinem,
1293 1882 1355 1926 ut
1377 1876 1583 1926 nullum
1610 1881 1846 1941 tempus,
1873 1871 1992 1921 nul-

398 1942 510 1990 lum
530 1940 712 1988 locum
730 1941 934 2004 quietis
957 1943 1204 2005 reperire
1227 1957 1464 2005 possem.
1539 1941 1714 2001 Nunc,
1739 1955 1860 1990 cum
1881 1938 1991 1987 Dei

395 2004 669 2055 beneficio
682 2010 739 2054 et
749 2020 919 2073 prope
930 2008 1322 2067 convaluerim,
1334 2014 1393 2057 et
1403 2007 1739 2073 aegritudini
1750 2021 1816 2055 ex
1829 2003 1988 2054 amici

398 2077 577 2121 morte
599 2072 908 2136 conceptae
924 2070 1187 2137 diesjpsa
1207 2072 1501 2123 levationis
1539 2074 1749 2153 aliquid
1788 2068 1993 2121 afferre

401 2137 677 2203 coeperit,
714 2138 1065 2203 respondebo
1090 2136 1160 2187 ad
1180 2138 1396 2189 litteras
1415 2144 1558 2200 tuas,
1580 2140 1667 2187 δια
1689 2138 1993 2201 κεφαλαίων.

400 2210 475 2255 Ac
497 2206 727 2271 primum
749 2205 896 2269 quod
916 2210 1071 2254 vetas
1091 2219 1178 2254 me
1201 2206 1404 2254 amoris
1427 2220 1560 2271 erga
1579 2220 1666 2255 me
1685 2207 1766 2255 tui
1788 2204 1997 2269 magni-

401 2272 646 2323 tudinem
660 2271 968 2321 litterarum
990 2271 1262 2337 gravitate
1282 2272 1486 2321 metiri:
1510 2280 1616 2337 ego
1637 2284 1858 2337 quoque
1874 2275 1998 2328 ate,

399 2339 684 2398 Amasaee‚
707 2340 791 2387 vir
806 2340 1013 2403 optime
1038 2344 1095 2387 et
1114 2339 1507 2399 eruditissime,
1522 2344 1652 2402 peto
1669 2374 1684 2399 ,
1706 2343 1768 2387 ut
1783 2349 2003 2386 mecum

404 2404 603 2453 eodem
622 2403 743 2452 iure
758 2406 959 2467 utaris,
982 2418 1119 2454 neve
1140 2418 1210 2454 ex
1231 2404 1535 2453 litterarum
1557 2404 1782 2454 silentio
1795 2402 2002 2453 factam

386 2484 644 2537 'unquam
664 2482 789 2518 esse
813 2470 979 2519 ullam
1003 2471 1070 2520 de
1090 2484 1217 2520 mea
1236 2484 1370 2535 erga
1388 2477 1465 2531 te,
1493 2470 1618 2527 tibi,
1656 2476 1718 2519 ut
1741 2469 2006 2527 arbitror,

404 2547 517 2582 non
554 2533 839 2599 incbgnita
875 2536 1158 2585 voluntate
1207 2535 1623 2586 diminutionem
1680 2534 2005 2599 suspiceris.

408 2598 493 2649 Sit
517 2601 689 2665 igitur
710 2598 817 2649 hoc
837 2602 984 2651 inter
1004 2616 1105 2651 nos
1126 2602 1387 2665 positum,
1427 2616 1495 2650 ne
1519 2600 1661 2649 alter
1693 2601 1762 2651 ab
1801 2600 2006 2657 altero,

409 2666 559 2730 quod
578 2666 757 2716 minus
789 2680 956 2731 saepe
987 2666 1204 2717 litteras
1242 2667 1497 2732 accipiat,
1525 2667 1708 2717 minus
1746 2666 1914 2717 etiam
1944 2678 2010 2715 se
