2275 3025
556 188 812 241 EPIST.
852 188 1002 240 121ss.
1037 188 1079 241 1.
1113 190 1231 243 ΕΡ.
1260 191 1395 247 XV.
1432 191 1589 245 xvi.
1796 191 1864 243 23

275 294 635 361 grav1ssima,
674 292 822 357 quod
843 289 1050 343 homini
1078 293 1171 343 uni
1199 295 1438 345 omnium
1464 296 1671 361 optimo
1711 298 1769 345 et
1792 292 1861 344 de

273 374 368 411 me
390 359 594 425 optime
613 360 813 420 merito
847 360 1080 426 gratiam
1113 359 1324 411 referre
1344 375 1454 411 non
1479 376 1718 429 possem.
1754 359 1861 412 Va-

275 428 355 479 le.
394 442 444 477 a.
491 426 542 476 d.
582 440 687 477 vn.
727 425 850 477 Kal.
892 425 1167 493 Septemb.
1184 426 1446 477 0Patavio.
1522 427 1639 480 Scri
1682 442 1862 479 seram

273 496 394 546 iam
435 492 627 544 nescio
667 494 798 561 quid
843 492 1151 545 litterarum
1185 494 1497 545 Ferrariam
1532 494 1603 545 ad
1687 500 1862 545 etrum

278 561 589 626 Morinum.
657 560 720 612 ld
741 576 888 623 cum,
925 564 1014 611 cui
1032 561 1335 624 traderem,
1360 563 1657 625 nescirem,
1691 563 1871 611 visum

283 633 376 679 est
409 628 479 677 ad
498 634 556 677 te
575 628 812 678 mittere.
880 628 1058 679 Tuum
1079 631 1212 691 erit,
1241 629 1479 695 aliquam
1499 628 1643 679 viam
1661 628 1869 689 videre,

284 708 398 761 qua
414 694 547 743 illae
568 700 625 743 et
646 698 764 745 tuto
778 699 834 745 et
843 693 1101 746 celeriter
1119 694 1484 762 perferantur.
1552 696 1639 757 ld,
1654 709 1685 745 o
1725 695 1869 755 inor,

283 775 387 830 per
430 759 778 811 vincentium
820 760 1159 828 Valgrisium
1203 763 1645 815 commodissime
1707 774 1869 812 acere

283 827 515 897 poteris.
562 827 664 879 llle
685 827 826 878 enim
849 828 995 879 solet
1011 829 1286 880 interdum
1307 830 1378 881 ad
1395 830 1671 883 Morinum
1691 830 1872 895 ipsum

287 895 552 946 scribere.
620 893 680 944 ln
711 894 797 948 eis
820 895 1022 946 litteris
1049 896 1191 947 illud
1222 897 1387 947 etiam
1407 898 1703 963 adscripsi,
1747 910 1872 947 cum

327 960 421 1012 uid
441 961 685 1013 scribere
706 961 776 1012 ad
796 976 880 1013 me
901 961 1094 1025 vellet,
1115 968 1180 1013 ut
1197 963 1266 1013 ad
1285 970 1341 1014 te
1357 963 1621 1027 mitteret3
1660 969 1717 1014 te
1734 962 1871 1013 mihi
1966 970 1975 995 ⁸

289 978 589 1095 ailigenter
609 1034 938 1081 curaturum.
1006 1030 1070 1083 ld
1086 1034 1151 1081 ut
1168 1028 1343 1081 facias
1356 1065 1373 1094 ,
1398 1036 1644 1097 peterem
1663 1044 1698 1080 a
1714 1034 1799 1093 te,
1822 1029 1871 1080 si

289 1110 431 1165 opus
451 1108 574 1147 esse
596 1096 985 1147 existimarem.

693 1328 853 1381 xvi.
901 1342 1116 1380 arnan
1162 1332 1481 1383 assumo.

357 1396 630 1493 Moriar,
671 1429 722 1481 si
759 1430 1048 1497 quicquam
1083 1444 1322 1499 unquam
1358 1429 1472 1485 feci
1506 1432 1736 1485 invitum
1774 1432 1875 1483 sed

287 1502 474 1550 tamen
501 1496 748 1565 effugere
767 1512 878 1550 non
902 1513 1151 1564 possum,
1179 1499 1307 1567 quin
1326 1498 1427 1550 tibi
1449 1499 1517 1552 de
1538 1500 1761 1554 Tibullo
1781 1515 1875 1568 pa-

288 1581 414 1620 rum
438 1565 728 1632 obsequar.
798 1563 1014 1617 Etenim
1041 1581 1181 1634 quae
1206 1568 1265 1620 in
1291 1581 1357 1618 eo
1378 1567 1522 1619 libro
1542 1569 1779 1620 maxime
1796 1568 1875 1620 vi·

291 1633 491 1684 dentur
511 1647 734 1700 operam
751 1647 928 1684 meam
947 1634 1251 1701 requirere,
1261 1649 1328 1685 ea
1348 1648 1454 1701 ego
1475 1648 1651 1701 aeque
1671 1632 1875 1684 intelli·

287 1708 560 1770 go,atque
581 1699 628 1751 si
649 1701 860 1767 scripta
877 1714 987 1752 non
1005 1706 1210 1752 essent.
1278 1700 1341 1750 In
1364 1701 1486 1766 ipso
1509 1701 1667 1766 quasi
1684 1699 1875 1751 limine

287 1765 412 1819 eius
450 1767 669 1835 generis
697 1767 962 1818 nonnulla
985 1773 1130 1818 sunt.
1201 1764 1284 1818 Ne
1328 1781 1395 1817 ue
1422 1772 1604 1817 tamen
1636 1767 1873 1834 despero

287 1833 439 1898 fore,
474 1842 535 1884 ut
572 1833 867 1902 aliquando
902 1835 992 1884 vel
1029 1849 1163 1884 casu
1181 1833 1294 1886 inci
1332 1848 1447 1896 am,
1483 1833 1574 1884 vel
1596 1835 1789 1886 labore
1818 1841 1878 1886 et

290 1901 582 1970 diligentia
606 1902 921 1968 perveniam
946 1901 1016 1952 ad
1042 1900 1279 1967 aliquid,
1308 1902 1455 1970 quod
1482 1902 1663 1954 lucem
1684 1916 1874 1954 eorum

287 1968 569 2020 nonnullis
588 1967 821 2020 adferat.
891 1965 974 2018 lta
1012 1983 1081 2019 ue
1102 1973 1363 2036 quantum
1380 1983 1467 2021 me
1488 1976 1876 2034 amas,tantum

289 2050 326 2086 a
347 2041 404 2086 te
429 2042 560 2103 peto
589 2040 752 2102 atque
781 2040 980 2088 conten
1025 2050 1084 2099 o,
1109 2042 1172 2088 ut
1194 2051 1281 2088 me
1308 2036 1412 2087 hac
1439 2038 1497 2088 in
1515 2045 1671 2106 parte
1690 2038 1873 2088 animo

287 2117 413 2156 meo
452 2102 686 2168 obsequi
719 2103 888 2154 sinas.
959 2099 1098 2154 Nam
1134 2104 1283 2172 quud
1317 2105 1497 2155 vereri
1534 2105 1767 2166 videris,
1805 2119 1874 2154 ne

289 2169 416 2222 dem
442 2183 752 2221 sermonem
787 2167 1101 2221 hominibus
1125 2170 1439 2234 malevolis,
1476 2171 1654 2223 libero
1681 2178 1737 2222 te
1768 2168 1874 2220 hoc

288 2243 460 2290 metu.
525 2235 706 2299 Malo,
743 2235 793 2287 si
827 2235 1151 2289 alterutrum
1187 2253 1417 2289 necesse
1458 2240 1556 2301 sit,
1594 2237 1877 2293 silentium

287 2318 470 2356 meum
513 2301 746 2369 culpari,
784 2318 947 2369 quam
979 2305 1267 2356 audaciam
1290 2305 1491 2356 notari.
1563 2304 1739 2374 Crede
1768 2302 1875 2354 hoc

287 2368 451 2433 mihi,
483 2385 594 2421 non
619 2370 739 2421 aine
760 2385 968 2422 summa
985 2370 1246 2424 molestia
1262 2371 1409 2423 facio
1421 2407 1436 2433 ,
1462 2376 1523 2420 ut
1539 2371 1643 2423 tibi
1661 2370 1875 2439 petenti

287 2451 506 2504 negem.
579 2435 692 2488 Sed
728 2444 912 2489 tamen
954 2439 1064 2489 iam
1112 2438 1327 2505 pridem
1359 2444 1693 2489 convenerat
1728 2438 1875 2488 inter

289 2518 414 2565 nos,
435 2517 503 2554 ne
528 2503 660 2569 quid
680 2510 741 2555 tu
759 2519 794 2554 a
811 2518 896 2556 me
916 2511 1157 2571 peteres,
1178 2505 1287 2556 nisi
1306 2503 1455 2571 quod
1473 2505 1618 2555 vires
1638 2504 1873 2562 ferrent,

289 2569 424 2639 quid
462 2561 644 2622 adtem
680 2569 812 2622 illae
849 2569 1052 2632 ferant,
1092 2585 1199 2637 ego
1237 2585 1376 2620 unus
1404 2571 1643 2622 omnium
1669 2569 1873 2636 optime

287 2637 441 2689 novi.
509 2635 660 2700 Misi,
682 2638 775 2705 qui
796 2637 1177 2690 Columbinum
1196 2641 1524 2688 accerseret.
1592 2635 1646 2685 ls
1668 2649 1729 2685 se
1749 2643 1870 2681 cras

290 2705 396 2760 sub
426 2703 608 2756 lucem
643 2701 714 2758 ad
747 2719 834 2760 me
860 2710 1149 2760 venturum
1173 2716 1298 2754 esse
1323 2702 1480 2754 dixit.
1546 2702 1720 2767 Agam
1750 2698 1871 2744 cum
