2275 3025
396 172 463 224 54
925 170 1002 221 M.
1033 172 1095 221 A.
1129 166 1446 219 MURETl

397 277 687 339 praeterea
705 271 912 339 aliquid
931 270 1228 336 addideris,
1239 275 1301 323 ut
1309 270 1599 321 multarum
1610 283 1789 319 rerum
1799 270 1973 319 scien·

397 340 556 401 tiam,
582 345 642 390 ut
661 339 1028 410 eloquentiam
1042 375 1056 399 ,
1078 344 1138 387 ut
1159 344 1345 388 cetera
1362 336 1421 387 id
1440 350 1637 403 genus:
1674 338 1819 400 ipse,
1840 351 1971 402 quo-

396 406 562 457 modo
593 406 694 459 tibi
722 407 941 469 emas,
980 404 1213 467 videris3
1250 419 1357 471 ego
1389 418 1455 453 ea
1482 416 1655 469 neque
1684 403 1971 469 polliceor,

397 486 574 539 neque
605 473 915 541 praestabo.
987 472 1091 521 His
1120 470 1338 537 legibus
1367 471 1555 521 initam
1584 468 1715 521 mihi
1746 484 1869 519 esse
1896 477 1976 521 te-

401 556 520 592 cum
543 545 598 589 et
617 540 969 593 constitutam
990 538 1285 590 amicitiam
1306 536 1453 598 volo,
1478 552 1611 604 quas
1633 552 1666 585 a
1680 542 1737 585 te
1759 550 1975 603 quoque

400 622 511 658 non
530 612 753 672 gravate
774 612 1054 671 acceptum
1072 604 1141 653 iri
1166 610 1317 671 puto.
1335 637 1358 669 ,Π
1385 604 1559 670 Atque
1582 602 1830 670 equidem
1856 618 1977 653 cum
2016 653 2026 668 x

397 674 584 725 multis
606 673 674 723 de
695 672 876 723 causis
905 676 1067 721 antea
1095 670 1389 721 amaverim
1408 670 1722 721 Gisbertum
1744 669 1976 731 Oddum,

400 740 809 790 adolescentem
839 737 1099 803 optimum
1137 742 1195 787 et
1230 736 1390 803 pleno
1430 737 1604 803 gradu
1636 738 1718 790 ita
1753 735 1976 797 tenden-

401 815 510 857 tem
531 806 588 855 in
610 820 677 869 ea
695 802 899 865 studia,
940 802 1135 869 quibus
1164 818 1265 853 nos
1300 802 1661 865 delectamur,
1702 810 1790 865 ut,
1830 800 1978 869 quod

402 872 580 923 serius
597 872 656 921 in
676 884 794 935 eam
814 870 954 921 viam
974 871 1259 936 ingressus
1280 875 1391 933 est,
1428 870 1751 922 assiduitate
1782 876 1837 921 et
1857 869 1980 921 dili-

404 940 591 1004 gentia
610 943 1059 1004 compensaturus
1079 950 1205 991 esse
1224 936 1494 987 videatur:
1514 934 1729 987 habebo
1749 934 1984 1004 posthac

402 1005 672 1056 cariorem
692 1004 855 1055 etiam
877 1002 984 1054 hoc
1003 1002 1401 1070 nomine,quod
1418 1004 1467 1053 is
1488 1004 1815 1054 conciliator
1886 1018 1979 1053 ua-

403 1074 559 1140 sique
598 1067 901 1137 προεενητὴς
938 1068 1096 1121 huius
1134 1077 1359 1121 nostrae
1405 1070 1807 1121 coniunctionis
1881 1070 1977 1119 uit.

403 1140 608 1206 Magna
635 1152 765 1189 sane
795 1153 914 1189 cum
943 1138 1226 1203 voluptate
1258 1144 1448 1203 repeto
1476 1137 1743 1188 memoria
1765 1144 1978 1203 tempus

402 1206 558 1267 illud,
581 1208 838 1270 cumipse
858 1220 1067 1255 mecum
1091 1204 1160 1254 de
1182 1204 1432 1254 doctrina
1449 1210 1543 1256 tua
1581 1204 1756 1269 deque
1778 1204 1983 1254 suavis-

406 1274 561 1322 simis
587 1271 832 1322 moribus
869 1276 926 1321 e't
971 1270 1305 1324 creberrime
1332 1276 1388 1320 et
1406 1270 1777 1321 amantissime
1796 1271 1984 1335 loque-

405 1339 583 1390 batur.
651 1337 900 1388 Addebat
931 1338 1096 1388 etiam
1125 1337 1388 1388 nonnulla
1418 1337 1486 1387 de
1524 1337 1707 1387 studio
1748 1336 1985 1403 quodam

410 1412 466 1455 et
485 1418 671 1454 amore
695 1405 803 1453 mei
821 1410 917 1453 tuo
931 1440 946 1468 ,
986 1417 1145 1470 quem
1172 1403 1280 1455 sibi
1302 1418 1372 1455 ex
1392 1405 1502 1453 tuis
1532 1404 1875 1458 sermonibus
1896 1418 1986 1455 co-

410 1471 774 1540 gnitissimum
801 1483 924 1520 csse
952 1469 1188 1520 dicebat.
1258 1469 1377 1537 Ego
1410 1476 1597 1532 autem,
1624 1478 1679 1524 et
1698 1470 1985 1525 audiebam

411 1554 479 1590 ea
503 1538 762 1601 libenter,
803 1543 859 1588 et
886 1538 938 1588 ei
965 1537 1128 1588 tidem
1154 1534 1420 1591 habebam
1448 1554 1555 1589 non
1576 1539 1800 1593 invitus:
1838 1545 1900 1589 ut
1916 1537 1989 1588 ad

411 1605 708 1667 credenda,
746 1619 885 1672 quae
905 1604 1147 1656 iucunda
1162 1611 1314 1666 sunt,
1353 1603 1549 1655 faciles
1574 1612 1769 1659 natura
1800 1619 1989 1656 omues

412 1689 616 1723 sumus.
684 1672 875 1740 ltaque
893 1671 1094 1722 iisdem
1114 1687 1183 1722 ex
1204 1687 1271 1722 eo
1302 1686 1467 1738 saepe
1489 1680 1544 1724 et
1563 1679 1879 1724 constanter
1899 1687 1989 1722 au·

411 1740 626 1792 diendis
666 1741 746 1792 sic
764 1740 874 1792 iam
891 1739 1243 1802 incalueram,
1260 1744 1322 1789 ut
1340 1739 1789 1805 quemadmodum
1808 1740 1867 1790 in
1886 1741 1988 1790 ari-

414 1807 694 1859 dissimam
731 1807 1195 1872 siccissimamque
1221 1807 1506 1861 materiam
1536 1805 1687 1856 nulla
1705 1812 1893 1872 potest
1911 1807 1992 1856 in-

361 1881 368 1892 ’
417 1872 602 1924 cidere
620 1878 731 1923 tam
753 1887 919 1940 parva
941 1873 1349 1940 scintilla,quae
1370 1888 1479 1924 non
1498 1872 1789 1924 maximum
1808 1873 1991 1925 subito

413 1938 728 1992 incendium
747 1939 976 2002 excitet,
1012 1941 1092 1990 ita
1110 1940 1261 1991 nulla
1280 1947 1470 2006 posset
1493 1956 1527 1992 a
1544 1947 1600 1992 te
1631 1939 1750 1990 dari
1770 1947 1878 1990 tam
1898 1955 1992 2006 pu·

417 2005 543 2060 silla
560 2012 779 2068 tamque
802 2006 982 2055 tenuis
1011 2006 1344 2072 significatio
1367 2022 1581 2068 eorum,
1620 2021 1758 2073 quae
1780 2007 1849 2058 de
1870 2007 1993 2058 Gis-

415 2072 574 2122 berto
597 2069 900 2132 audieram,
969 2086 1071 2121 uae
1093 2087 1202 2124 non
1222 2071 1293 2122 ad
1310 2088 1395 2124 me
1416 2079 1587 2124 totum
1606 2075 1839 2124 mirifico
1861 2088 1993 2153 quo·

419 2139 544 2191 dam
564 2138 644 2188 tui
666 2151 853 2191 amore
878 2138 934 2188 in
977 2138 1321 2189 animandum
1348 2139 1484 2190 satis
1518 2137 1771 2194 habitura
1797 2141 1991 2192 virium

419 2207 715 2260 videretur.
784 2202 974 2257 Adhuc
1002 2202 1137 2254 haec
1166 2211 1347 2267 erant,
1390 2221 1509 2256 cum
1540 2206 1844 2265 afferuntur
1877 2223 1911 2260 a
1934 2213 1993 2258 te

421 2273 488 2324 ad
514 2273 830 2330 Gisbertum
846 2271 1091 2334 litterae,
1119 2287 1228 2322 non
1251 2272 1428 2340 solum
1454 2274 1691 2340 scriptae
1712 2276 1996 2341 eleganter

421 2339 688 2406 acpolite,
702 2339 847 2408 quod
857 2339 1243 2406 tibiproprium
1265 2354 1329 2390 ac
1350 2347 1668 2407 perpetuum
1690 2348 1994 2404 est‚‘vcrum

422 2409 589 2459 etiam
613 2406 767 2458 illum
796 2419 1034 2458 amorem
1064 2407 1121 2457 in
1154 2420 1265 2470 me,
1305 2405 1371 2457 de
1399 2422 1506 2472 quo
1533 2414 1643 2458 tam
1680 2408 1851 2461 multa
1884 2416 1997 2458 tam

423 2488 589 2542 saepe
627 2475 936 2533 audieram,
988 2473 1136 2524 omni
1175 2487 1244 2523 ex
1282 2481 1436 2540 parte
1472 2477 1760 2540 spirantes.
1854 2474 1997 2534 Quid

461 2539 671 2592 uaerisi
707 2542 787 2592 ita
811 2540 1019 2601 exarsi,
1057 2545 1117 2590 ut
1144 2538 1278 2590 nihil
1317 2541 1435 2592 fieri
1472 2547 1666 2606 posset-
1701 2542 1999 2592 ardentius.

424 2556 820 2658 {accesserunt
839 2607 1026 2675 primis
1048 2605 1161 2656 illis
1188 2607 1421 2668 alterae,
1441 2607 1665 2668 tertiae,
1687 2609 1829 2658 aliae
1852 2608 2003 2658 dein·

425 2686 580 2740 ceps,
620 2673 813 2724 eadem
834 2683 1024 2726 omnes
1045 2675 1313 2725 suavitate
1335 2672 1615 2740 perfusae,
1651 2672 1846 2726 iisdem
1870 2674 2001 2725 insi·
