2275 3025
345 163 444 213 310
882 159 963 212 M.
998 164 1060 213 A.
1095 160 1410 212 MURETI

476 257 695 326 Κύπρον
714 255 903 325 Πάφον
921 257 965 308 τ’
992 261 1178 322 ἔχουσα
1197 255 1362 308 πάντα
1382 260 1583 323 κλῆρον.

347 361 440 412 Sic
461 360 595 411 alibi
615 359 879 423 Seneca*)
901 375 1093 410 avaros
1112 361 1192 410 ait
1203 375 1310 409 non
1332 358 1544 408 divitias
1563 357 1775 421 lambere,
1796 359 1895 410 sed
1909 375 1951 411 a

342 427 539 478 divitia
558 425 761 476 haberi.
1999 443 2004 448 ·

438 540 623 578 unns:
663 540 921 576 mc'rtm
958 539 1064 577 sn·
1102 537 1522 576 Possmssnnt
1557 537 1852 576 VERBUM.

439 628 616 692 Atque
637 623 775 674 haec
794 623 928 676 mihi
947 626 1165 676 videtur
1184 641 1318 676 vera
1337 624 1498 677 huius
1523 626 1675 675 verbi
1703 626 1942 685 notatio,

342 698 404 742 ut
424 709 533 743 uon
554 708 587 741 a
657 691 882 741 mitione
909 691 1127 753 sedium,
1169 693 1318 758 quod
1356 698 1540 743 tamen
1578 690 1787 741 nostris
1825 690 1944 755 pla·

343 760 601 808 cuissevi
638 772 731 818 eo,
769 763 865 806 aut
937 758 1106 820 edum,
1148 759 1298 824 quod
1335 759 1507 809 miror
1541 757 1796 824 reperiri,
1863 757 1943 818 ui,

343 824 509 874 editis
538 822 837 873 pandectis
867 772 933 872 lg

343 889 502 950 dere,
544 888 647 940 sed
666 903 699 938 a
720 889 887 939 verbo
908 905 1125 955 possum
1155 891 1377 941 ductum
1403 890 1476 939 sit
1507 889 1730 939 verbum
1759 889 1942 952 possi-

341 956 529 1018 dendi,
568 955 716 1021 quod
756 970 865 1021 qua
903 959 1133 1022 quisque
1157 972 1216 1006 re
1238 963 1439 1023 potest,
1481 955 1745 1020 quidquid
1780 953 1941 1003 colli-

340 1023 463 1074 buit
482 1023 695 1084 facere,
730 1036 905 1089 eaque
934 1023 1204 1074 arbitratu
1227 1039 1328 1073 suo
1350 1024 1448 1082 uti,
1477 1019 1648 1082 abuti,
1672 1035 1793 1071 eam
1813 1034 1941 1085 pos-

342 1089 511 1140 sidere
550 1088 782 1140 dicatur.
852 1087 992 1138 Nam
1022 1095 1079 1138 et
1120 1091 1179 1140 in
1219 1089 1388 1140 verbo
1429 1095 1631 1156 xparszv
1671 1086 1942 1152 quaedam

343 1155 618 1206 eiusmodi
640 1155 935 1220 potestatis
970 1157 1305 1222 significatio
1330 1161 1432 1204 est.
1505 1153 1772 1204 Potentes
1793 1152 1941 1202 enim

341 1218 463 1275 τοὺς
485 1225 796 1286 κρατοῦντας
817 1221 1091 1272 dicebant.
1163 1223 1236 1272 Et
1257 1221 1491 1271 Horatio
1509 1220 1587 1282 **)
1618 1219 1706 1270 Sic
1726 1227 1776 1268 te
1796 1215 1944 1267 Diva

338 1294 527 1354 potem
552 1285 718 1352 Cypri
755 1291 841 1336 est
874 1283 1093 1351 Κύπρου
1114 1289 1394 1351 κρατοῦσα,
1432 1281 1655 1349 Κύπρου
1681 1283 1944 1347 μεδέουσα

344 1354 429 1400 καὶ
450 1347 763 1411 ἅνάσσουσα,
778 1357 833 1400 et
853 1352 945 1416 qui
974 1366 1172 1418 regere
1194 1359 1426 1418 possunt
1446 1353 1776 1417 cupiditates
1791 1365 1945 1410 suas,

346 1420 617 1482 ἰγκρατεῖς,
656 1418 750 1481 qui
790 1432 898 1465 non
938 1426 1202 1480 possunt,
1242 1415 1478 1483 ἀκρατεῖς
1512 1426 1795 1468 vocantur.
1866 1417 1946 1465 Ae

346 1483 606 1551 quoniam
626 1483 924 1547 praecipua
956 1483 1011 1532 in
1042 1498 1258 1549 quaque
1305 1498 1365 1535 re
1406 1490 1656 1551 potestas
1677 1486 1752 1537 sit
1770 1481 1945 1535 domi·

347 1552 421 1613 ni,
444 1549 738 1616 possidere
760 1549 1019 1599 dicebant
1048 1565 1190 1610 eum,
1227 1553 1323 1617 qui
1349 1552 1604 1603 dominus
1635 1555 1804 1603 esset.
1874 1549 1948 1599 Et

347 1633 471 1669 eum
484 1616 757 1668 Horatius
780 1616 984 1680 ait,***)
1297 1634 1302 1639 ·

940 827 1235 885 orentinis,
1267 830 1500 890 pergant
1529 831 1711 873 tamen
1751 823 1818 871 de
1849 837 1943 871 en-

564 1746 628 1755 —
660 1716 849 1768 Valeat
859 1732 1134 1795 possessor
1155 1726 1380 1783 oportet,

484 1784 545 1835 Si
561 1793 907 1852 comportans
926 1784 1079 1835 rebus
1101 1785 1229 1835 bene
1247 1783 1455 1850 cogitat
1475 1784 1572 1845 uti,

350 1897 734 1949 possessorem
757 1883 893 1935 dicit
910 1882 999 1931 τὸν
1020 1886 1344 1947 κεκτημένου
1388 1882 1666 1949 quomodo
1703 1897 1868 1949 saepe
1891 1889 1954 1935 et

352 1952 547 2001 Cicero
570 1949 833 2014 loquitur.
904 1948 1097 2001 Nostri
1117 1950 1376 2001 subtilius
1397 1950 1507 1999 ista
1529 1949 1951 1999 considerantes

349 2016 632 2075 viderunt,
670 2029 849 2081 neque
877 2030 1097 2081 semper
1123 2017 1402 2067 dominum
1431 2017 1738 2080 possidere,
1769 2030 1950 2080 neque

350 2095 569 2147 semper
600 2083 692 2146 qui
716 2082 1055 2145 possideret,
1094 2084 1391 2134 dominum.
1462 2081 1654 2147 ltaque
1684 2082 1951 2131 distinxe-

348 2154 477 2197 runt
516 2147 815 2201 dominium
846 2148 965 2197 sive
994 2151 1389 2215 proprietatem
1417 2162 1448 2197 a
1477 2150 1850 2213 possessione,
1869 2148 1955 2197 ita

351 2221 553 2274 tamen,
577 2220 636 2263 ut
656 2213 974 2275 docuerint,
1008 2231 1129 2265 eum
1163 2216 1379 2264 demum
1409 2216 1630 2278 proprie
1659 2220 1717 2263 et
1741 2214 1954 2263 utiliter

351 2280 660 2345 possidere,
699 2281 795 2345 qui
823 2283 1005 2331 animo
1038 2282 1245 2330 domini
1277 2287 1452 2340 tenet,
1493 2281 1547 2328 id
1580 2287 1689 2341 est,
1728 2280 1820 2345 qui
1847 2294 1950 2343 pro

353 2359 454 2395 suo
493 2345 761 2411 possidet.
844 2347 1167 2396 Ceterorum
1221 2347 1365 2396 enim
1403 2346 1605 2397 vitiosa
1645 2352 1701 2395 et
1734 2344 1953 2395 inutilis

353 2412 638 2474 possessio
660 2418 771 2461 est:
808 2419 872 2462 ut
900 2412 1057 2474 furis,
1092 2419 1153 2462 ut
1183 2412 1504 2477 praedonis,
1528 2420 1588 2461 ut
1619 2426 1828 2473 eorum,
1857 2412 1955 2477 qui

456 2540 496 2587 ¹)
528 2539 677 2591 Epist.
701 2543 792 2581 119.
811 2545 932 2581 extr.

438 2594 499 2640 ··)
532 2592 677 2633 Cum.
699 2594 733 2633 1.
752 2598 794 2634 3.
818 2599 855 2635 1.

414 2649 497 2701 ⁸'')
529 2646 613 2701 Ep.
636 2646 671 2687 1.
694 2656 731 2688 ⁸2.
752 2650 822 2689 49.
