2275 3025
616 152 878 206 EPIST.
912 151 1069 206 LIB.
1105 154 1213 207 111.
1248 155 1366 207 ΕΡ.
1403 155 1444 208 1.
1480 158 1558 212 11.
1789 157 1890 210 2⁰9

294 253 487 319 ταύτης
506 255 600 318 τῆς
619 250 945 318 εὖγλωττίας,
965 251 1216 319 μακάριοι
1237 253 1293 304 δὲ
1315 255 1400 305 καὶ
1417 253 1487 337 ἦρ
1495 263 1580 317 εἷς,
1600 258 1776 326 οἷσπερ
1790 253 1887 307 {ma

298 327 391 372 σοῦ
410 321 697 390 ἀπέραντον
720 316 843 368 ὅσον
872 317 1268 400 ἀπολειφθεῖσιν
1283 360 1294 379 ,
1318 317 1378 370 οὗ
1397 341 1503 387 μην
1521 320 1654 372 ἀλλά
1668 341 1731 406 y:
1754 340 1890 390 συμ-

293 391 479 458 βέβηκε
508 390 603 450 τῆς
636 391 729 451 σῆς
756 386 842 434 καὶ
875 381 1154 435 ἀπολαυειν
1175 383 1398 451 ὁμιλίας,
1424 389 1509 437 καὶ
1539 385 1631 438 οὔκ
1653 391 1889 448 cerastem,-

296 456 466 505 δοκεῖν
504 455 692 522 φιλίας.
764 452 877 505 Sed
896 452 965 503 de
982 450 1069 504 his
1090 455 1245 504 satis.
1315 451 1403 505 De
1428 469 1491 505 re
1527 455 1890 520 Bononiensi,

295 527 358 573 ut
386 523 551 590 plane
582 519 687 570 tibi
716 520 1021 581 assentior,
1059 521 1144 570 ita
1164 527 1299 570 vota
1323 519 1502 585 facio,
1541 526 1603 572 ut
1629 520 1893 590 Sigonius

293 596 491 639 noster
527 590 699 652 petat.
772 585 909 637 Nam
946 600 1125 652 neque
1153 587 1467 654 Bai-gaeum
1499 588 1894 640 descensurum

295 661 455 721 puto;
488 653 660 712 alios,
692 653 863 718 siqui
882 658 1065 716 erunt,
1088 652 1258 704 facile
1277 654 1346 704 ab
1366 654 1465 706 illo
1489 659 1806 722 superatum
1823 657 1897 707 iri

298 721 539 771 confido.
621 717 760 770 Mihi
806 720 1025 786 quidem
1072 721 1203 786 quid
1243 736 1335 771 ma
1377 723 1422 773 ‘s
1459 722 1518 772 in
1557 723 1763 789 optatis
1802 721 1894 785 sit,

300 802 463 854 quam
499 791 562 836 ut
595 785 654 836 id
696 786 943 848 eveniat,
984 787 1133 853 quod
1171 793 1234 837 tu
1263 736 1401 839 miffili
1441 789 1618 840 amice
1661 788 1896 850 (utinam

299 854 467 904 etiam
485 853 641 916 vere)
663 853 988 922 angui-aris?
1026 851 1222 919 Neque
1241 854 1404 905 video
1427 870 1586 918 sane,
1607 855 1659 907 si
1675 855 1774 906 ille
1803 855 1896 906 de'-

298 920 557 981 cesserit,
591 919 720 986 quid
736 918 873 970 mihi
894 919 1292 985 impedimento
1315 935 1439 972 esse
1459 924 1657 988 possit.
1726 921 1897 974 Frua-

295 987 452 1038 muri
498 986 609 1038 itur
628 985 733 1036 hac
753 1000 875 1051 spe:
916 1000 1057 1052 quae
1086 989 1204 1037 sive
1233 991 1356 1037 rata
1381 989 1514 1048 erit,
1545 989 1710 1054 paulo
1733 988 1896 1040 tolle·

294 1068 418 1104 mur
438 1068 471 1105 a
496 1055 629 1116 tius3
652 1053 769 1102 sive
791 1051 1089 1112 fefellerit,
1111 1067 1223 1102 non
1242 1057 1426 1103 tamen
1451 1056 1672 1104 omnino
1693 1054 1897 1105 iacebi-

295 1134 437 1170 πως.
508 1119 595 1170 De
616 1117 933 1184 Philopono
954 1117 1073 1168 noli
1093 1117 1496 1186 laboraregego
1515 1121 1662 1182 istic,
1677 1121 1727 1171 si
1742 1118 1898 1172 Deus

295 1186 476 1247 volet,
512 1187 662 1235 intra
701 1189 939 1250 quatuor
969 1190 1066 1234 aut
1098 1185 1339 1252 quinque
1373 1185 1493 1238 dies
1511 1185 1731 1239 futurus
1752 1203 1896 1251 sum3

296 1251 500 1302 absens
520 1266 629 1302 non
648 1250 854 1314 ‘video,
890 1251 979 1302 cui
1010 1253 1222 1318 possim
1251 1252 1390 1303 satis
1418 1255 1706 1305 commode
1726 1254 1784 1304 id
1804 1269 1898 1305 ne-

297 1318 443 1436 ffitii
465 1317 615 1368 dare.
686 1314 852 1381 Vale,
878 1320 955 1370 mi
975 1319 1218 1382 Manuti,
1240 1319 1365 1370 vale
1393 1326 1454 1371 et
1489 1335 1577 1372 me
1606 1335 1744 1372 ama.
1787 1335 1895 1373 vn.

386 1385 422 1436 1.
446 1383 723 1453 Septemb.
748 1383 999 1438 Patavio.

354 1536 382 1555 Χ

749 1684 827 1735 11.
873 1696 1095 1735 mnan
1132 1698 1459 1736 unm-no.

374 1750 570 1849 Quod
589 1789 647 1833 te
668 1798 702 1834 a
720 1784 869 1834 curis
905 1782 1161 1835 omnibus
1197 1784 1553 1849 acquiescere
1584 1782 1642 1834 in
1661 1796 1906 1835 mearum

304 1848 667 1917 epistolarum
705 1849 986 1915 elegantia
1024 1864 1091 1900 ac
1135 1850 1410 1900 suavitate
1448 1850 1616 1912 dicis,
1658 1864 1906 1919 agnosco

304 1914 705 1967 humanitatem
725 1920 871 1966 tuam
890 1934 903 1967 ε
922 1930 1101 1983 neque
1121 1922 1306 1967 tamen
1325 1917 1408 1967 ita
1425 1932 1511 1969 me
1527 1918 1748 1987 ignoro,
1771 1922 1908 1972 utin

302 1983 445 2035 meis
503 1984 795 2049 quicquam
850 1998 1017 2050 posse
1060 1983 1297 2050 reperiri
1344 1983 1657 2051 elegantiae
1698 1993 1905 2054 putem.

300 2049 505 2103 Scribo
537 2050 683 2101 enim
712 2048 782 2099 ad
807 2055 863 2099 te
884 2050 1006 2101 sine
1026 2049 1141 2101 ulla
1162 2065 1317 2113 eura,
1340 2052 1601 2120 quicquid
1627 2054 1686 2104 in
1706 2054 1906 2115 solum,

305 2124 368 2167 ut
414 2116 645 2178 dicitur,
683 2122 739 2167 et
773 2116 901 2167 dum
930 2118 1035 2168 tibi
1072 2118 1240 2168 animi
1268 2121 1378 2170 mei
1413 2132 1608 2171 sensus
1642 2120 1906 2186 aperiam,

306 2183 507 2251 quibus
530 2184 587 2234 id
606 2183 791 2234 verbis
812 2182 1031 2247 faciam,
1054 2199 1166 2234 non
1185 2184 1400 2237 laboro.
1474 2184 1642 2246 Quod
1669 2199 1738 2235 eo
1760 2185 1909 2247 dico,

307 2252 439 2317 quia
458 2251 773 2317 scrupulum
794 2251 1067 2317 quendam
1086 2252 1331 2302 iniecisti
1349 2250 1484 2302 mihi
1517 2264 1692 2316 nuper
1717 2252 1776 2300 in
1795 2264 1910 2301 ser·

305 2332 492 2378 mone,
532 2332 654 2368 cum
676 2318 1043 2384 significares»,
1082 2324 1139 2367 te
1160 2318 1414 2383 epistolis
1438 2317 1576 2377 tuis,
1617 2316 1906 2383 siquando

308 2398 404 2434 eas
428 2382 746 2450 divulgatos
760 2420 775 2447 ,
803 2384 949 2434 velle
970 2383 1268 2435 admisceri
1289 2382 1553 2449 quasdam
1573 2382 1741 2433 etiam
1762 2383 1832 2435 ad
1851 2389 1908 2433 te

306 2464 480 2501 meas,
548 2450 609 2499 ln
631 2464 741 2515 quo
763 2459 825 2500 tu
847 2450 1014 2500 etiam
1035 2456 1200 2516 atque
1225 2450 1392 2501 etiam
1415 2447 1564 2509 vide,
1593 2448 1724 2514 quid
1754 2464 1908 2517 agas.

306 2514 447 2567 Nam
470 2530 575 2582 ego
600 2516 821 2583 quidem
843 2514 981 2565 nihil
1001 2531 1240 2583 unquam
1277 2516 1382 2576 (ita
1401 2520 1462 2563 tu
1487 2528 1573 2567 me
1595 2517 1770 2580 ames)
1799 2531 1912 2567 me-

306 2582 444 2633 mini
482 2583 553 2635 ad
591 2587 647 2633 te
686 2581 953 2642 scribere,
1030 2581 1144 2632 uod
1180 2597 1290 2632 non
1312 2580 1491 2631 dicam
1513 2581 1786 2644 editione,
1810 2581 1912 2632 sed

307 2648 553 2700 lectione
606 2659 944 2714 magnopere
1037 2648 1226 2715 ignum
1279 2653 1547 2699 nutarem.
1619 2647 1713 2700 Sic
1767 2646 1912 2698 enim

377 2720 646 2775 Mune-r.
684 2722 789 2773 Er.
1535 2719 1582 2770 Ο
