2275 3025
545 308 798 363 EPIST.
831 308 986 363 LIB.
1009 306 1050 361 1.
1083 308 1199 363 ΕΡ.
1235 309 1300 363 V.
1335 308 1433 363 vl.
1469 309 1596 363 vll.
1786 310 1846 363 13

284 426 404 464 rum
423 412 522 463 tibi
543 411 878 463 commendo.
947 410 1134 461 Bonus
1155 411 1238 461 vir
1256 417 1340 463 est
1381 417 1436 463 et
1454 412 1753 475 litteratus,
1792 419 1849 463 et

285 480 426 531 bene
447 479 588 546 apud
607 494 729 530 eum
750 477 1078 529 beneficium
1103 477 1423 533 collocabis.
1490 477 1600 530 Sed
1629 492 1733 545 ego
1761 487 1847 529 ca-

285 554 412 614 ptus
441 546 728 598 dulcedine
755 544 983 611 quadam
1009 544 1078 595 ad
1103 550 1161 595 te
1191 543 1484 606 scribendi,
1525 560 1631 595 non
1668 546 1847 597 sentio

286 622 500 679 tempus
521 612 758 664 effluere.
826 610 978 663 Vale.
1031 611 1303 662 Hercules
1324 609 1735 662 Podooatharus
1754 612 1851 663 mi-

287 686 464 743 ratur,
496 687 552 731 te
575 678 644 728 ad
661 677 816 727 binas
835 677 1048 729 litteras
1065 693 1195 729 suas
1214 675 1351 728 nihil
1368 677 1723 742 responderet
1758 693 1851 729 ne·

289 759 394 813 que
416 761 527 797 non
543 752 724 795 tamen
743 742 904 795 facile
924 748 1261 812 suspicatur,
1290 745 1347 796 id
1368 742 1515 823 quod
1535 748 1648 804 est,
1666 749 1723 793 te
1742 759 1852 795 non

285 814 526 866 libenter
555 811 814 873 seribere,
851 812 959 862 nisi
987 819 1148 880 urget
1180 817 1514 872 necessitas,
1553 824 1673 860 oum
1692 824 1853 863 manu

285 884 387 931 tua
407 892 548 929 nunc
567 877 780 945 quidem
801 878 1042 930 scribere
1062 892 1291 930 necesse
1312 876 1533 929 habeas.
1604 876 1851 927 salvebis

281 945 362 996 ‘ab
399 959 465 996 eo
498 950 554 995 et
575 960 608 996 a
629 944 860 995 Molinio
897 952 1108 997 nostro.
1177 944 1263 995 De
1302 944 1549 1012 epistolis
1585 944 1698 995 tuis
1736 942 1853 995 noli

290 1010 562 1063 laborare.
627 1012 796 1063 Brevi
850 1026 942 1062 ens
988 1012 1275 1063 habiturus
1318 1026 1396 1062 es.
1464 1010 1663 1063 lterum
1707 1009 1849 1061 vale.

293 1077 442 1130 Prid.
463 1078 601 1131 Non.
621 1078 772 1130 Maii.
795 1075 1042 1130 Patavio.
1109 1081 1263 1131 Anno
1289 1090 1539 1130 nnnvm.

699 1373 810 1427 VI.
853 1387 1066 1427 remma
1108 1388 1423 1428 nummo.

363 1445 446 1530 Si
465 1471 665 1541 Pegasi
690 1474 800 1528 sint
821 1452 916 1530 isti
943 1477 1024 1528 tui
1061 1475 1318 1544 operarii,
1350 1484 1535 1528 tamon
1564 1474 1684 1529 fleri
1700 1476 1853 1530 nullo

291 1539 456 1594 modo
476 1547 682 1608 potest,
711 1549 772 1594 ut
795 1559 903 1596 uno
933 1545 1020 1596 die
1055 1543 1271 1595 chartas
1292 1544 1525 1612 quinque
1553 1545 1853 1611 descripse-

291 1608 426 1669 rint,
463 1623 596 1674 quas
616 1607 734 1660 heri
752 1617 807 1662 te
828 1613 1108 1680 accepisse
1127 1617 1371 1678 oportet:
1410 1617 1468 1662 at
1490 1617 1616 1663 tuae
1637 1610 1853 1664 hodier-

291 1688 394 1725 nae
415 1673 630 1727 litterae
650 1677 958 1744 significant
975 1694 1110 1746 opus
1132 1679 1215 1730 eis
1236 1678 1447 1730 deesse.
1513 1678 1702 1745 ltaque
1724 1677 1855 1744 quid

293 1739 546 1806 cogitem,
566 1745 770 1796 nescio.
839 1744 1065 1797 chartas
1086 1745 1321 1812 quinque
1336 1781 1349 1807 ,
1373 1760 1493 1794 oum
1510 1745 1637 1794 istie
1656 1759 1853 1806 essem,

291 1807 434 1874 apud
454 1814 508 1859 te
527 1810 750 1876 reliqui3
791 1811 990 1863 alteras
1011 1813 1247 1878 quinque
1267 1811 1463 1860 nudius
1488 1810 1683 1860 tertius
1702 1811 1852 1860 misit

291 1880 376 1935 tu,
412 1879 472 1926 ut
493 1877 672 1927 omnia
697 1877 806 1930 iam
835 1879 1088 1930 confecta
1108 1890 1233 1926 esse
1262 1875 1567 1943 significes,
1605 1889 1725 1926 cras
1745 1875 1855 1926 tria

289 1939 429 1992 folia
453 1942 717 2008 impressa
742 1946 1034 1996 missurum
1069 1956 1191 1994 esse
1230 1941 1296 2002 de
1334 1947 1389 1993 te
1428 1940 1583 1993 diois.
1650 1940 1853 1994 Iterum

293 2007 394 2058 tibi
423 2008 572 2059 dico:
614 2010 742 2076 quid
763 2011 1026 2077 cogitem,
1064 2009 1271 2060 nescio.
1340 2007 1477 2060 Nam
1514 2008 1630 2061 sive
1656 2009 1757 2061 illa
1781 2009 1853 2060 ad

289 2080 349 2124 te
367 2075 578 2139 perlata
596 2081 746 2139 sunt,
785 2077 978 2128 deesse
997 2077 1124 2140 illis,
1147 2077 1291 2143 quod
1311 2091 1343 2128 a
1382 2082 1491 2138 ant,
1512 2091 1621 2127 non
1639 2083 1850 2144 potest3

294 2141 406 2190 sive
427 2156 536 2191 non
555 2147 701 2205 sunt,
721 2143 1015 2195 verendum
1035 2150 1149 2206 est,
1180 2158 1247 2194 ne
1267 2159 1333 2195 eo
1376 2157 1461 2194 em
1476 2143 1639 2196 modo
1660 2150 1754 2195 aut
1772 2144 1851 2193 in-

291 2207 612 2273 tercipiatur
636 2217 731 2264 aut
749 2217 962 2279 pereat,
991 2210 1189 2281 siquid
1209 2211 1437 2277 amplius
1456 2211 1678 2261 misero.
1745 2210 1851 2260 lta-

294 2287 396 2340 que
418 2271 556 2324 nihil
572 2279 800 2344 amplius
820 2273 1028 2331 mittam
1041 2316 1055 2341 ,
1089 2279 1233 2339 dum,
1255 2278 1384 2345 quid
1401 2277 1511 2328 illis
1532 2275 1737 2327 factum
1757 2278 1849 2337 sit,

293 2355 622 2408 cognovero.
689 2345 844 2399 Vale.
864 2361 916 2398 x.
936 2344 1167 2398 Kalend.
1188 2345 1338 2398 Maii.
1362 2344 1607 2395 Patavio.

695 2641 826 2696 Vll.
865 2655 1081 2696 mmm
1115 2655 1431 2695 uanum-to.

354 2708 588 2808 Miror,
621 2745 750 2812 quid
769 2743 1055 2806 acciderit,
1089 2742 1236 2810 quod
1255 2757 1287 2792 a
1304 2740 1363 2792 te
1380 2739 1519 2790 nihil
1539 2735 1643 2786 hoo
1662 2731 1845 2804 triduo

288 2806 617 2876 litterarum,
653 2811 974 2880 praesertim
993 2825 1113 2861 cum
1133 2807 1309 2859 adhuc
1332 2806 1401 2858 ad
1417 2805 1575 2854 binas
1600 2809 1749 2849 meas
1768 2805 1847 2840 m-
