2275 3025
340 115 443 168 236
877 113 955 166 Μ.
994 116 1055 166 Α.
1090 113 1406 166 MURETI
1479 153 1496 162 -

346 215 575 268 Sacrate
595 215 689 280 mi,
710 213 803 265 vix
830 215 1053 277 credas,
1086 222 1348 281 quantum
1369 229 1545 265 amem
1575 217 1634 264 et
1651 213 1845 279 quanti
1861 211 1954 264 fa-

345 284 505 342 ciam,
527 281 689 346 eique
750 281 1003 331 lurimam
1024 296 1058 330 a
1076 294 1165 330 me
1195 283 1430 332 salutem
1457 281 1639 341 dicas,
1670 279 1952 345 simulque

348 348 401 398 ei
423 363 585 397 unum
608 347 717 398 exi
742 346 836 407 lis,
876 361 1017 412 quae
1049 346 1119 396 ad
1153 354 1210 396 te
1237 348 1401 400 mitto
1418 380 1436 406 ,
1477 359 1634 396 meae
1675 344 1954 395 orationis

350 412 617 478 exemplis
636 418 735 463 tua
752 427 917 463 manu
936 413 1052 463 des.
1123 413 1210 463 lta
1231 414 1374 463 enim
1395 423 1581 476 spero>
1600 412 1708 477 ipsi
1729 425 1957 477 quoque

348 479 732 532 munusculum
768 480 983 546 gratius
1018 479 1167 530 fore:
1205 480 1314 530 etsi
1344 478 1442 528 ille
1479 477 1700 544 quidem
1731 477 1958 538 eodem,

350 559 459 611 quo
480 551 541 595 tu
562 559 643 606 es,
665 559 800 612 erga
818 559 905 595 me
928 546 1111 596 animo
1132 551 1237 595 est.
1308 545 1379 596 Et
1399 545 1958 611 quamquam-acerri-

351 625 441 660 mo
464 611 675 661 iudicio
695 621 802 672 est,
818 625 945 660 mea
960 617 1148 661 tamen
1171 616 1228 661 et
1245 610 1386 677 legit
1405 610 1648 661 libenter
1664 615 1724 660 et
1742 609 1956 659 laudat.

353 675 717 730 scribendum
750 675 886 727 mihi
916 673 1087 731 hodie
1118 683 1207 728 est
1237 677 1307 728 ad
1327 677 1566 738 multos,
1598 677 1839 742 ideoque
1873 680 1960 724 te-

354 757 478 793 cum
499 757 596 793 ero
628 743 870 793 brevior.
938 743 1075 793 Ama
1098 757 1186 794 me
1215 749 1276 794 et
1303 743 1445 795 vale.
1472 743 1701 808 Romae,
1724 755 1807 792 x1.
1826 740 1960 791 Kal.

352 809 649 860 Decembr.
674 822 973 860 nnnxxm.
1088 814 1099 820 “
1227 815 1230 818 ’

737 1085 959 1139 XXIV.
998 1099 1219 1138 sstnmu
1257 1099 1574 1138 sscns'ro.

422 1150 498 1232 N
500 1199 533 1236 e
554 1187 824 1236 orationis
846 1201 881 1236 a
901 1201 989 1237 me
1008 1189 1066 1236 in
1086 1186 1283 1236 funere
1300 1186 1488 1236 Caroli
1499 1187 1671 1253 Regis
1682 1184 1963 1248 habitae*)

356 1252 670 1316 exemplum
698 1252 887 1302 statim
918 1253 987 1302 ad
1017 1258 1072 1302 te
1092 1267 1194 1317 pro
1217 1268 1342 1304 mea
1361 1253 1539 1303 veteri
1558 1253 1962 1304 consuetudine

355 1317 619 1378 miserim,
641 1318 699 1367 id
719 1333 886 1367 unum
906 1318 1149 1379 obstitit,
1181 1319 1330 1385 quod
1351 1325 1408 1369 te
1433 1319 1856 1386 Carpentoracti
1877 1333 1963 1368 es-

355 1397 417 1433 se
438 1382 771 1432 arbitrabar:
796 1395 863 1432 eo
889 1383 1033 1432 enim
1054 1383 1365 1450 profectum
1387 1386 1689 1447 audieram,
1711 1391 1769 1435 et
1791 1397 1857 1434 eo
1879 1383 1963 1434 fa-

354 1449 518 1499 cilius
541 1447 873 1508 adducebar‚
886 1455 947 1498 ut
965 1449 1271 1512 crederem,
1285 1451 1433 1517 quod
1454 1453 1659 1502 multos
1679 1452 1790 1501 iam
1811 1465 1963 1501 men·

355 1530 447 1567 ses
476 1513 616 1565 nihil
645 1530 679 1566 a
706 1521 763 1566 te
790 1530 1113 1581 acceperam
1138 1517 1469 1569 litterarum.
1541 1518 1682 1571 Nam
1717 1518 1818 1569 illa
1843 1518 1964 1584 qui-

356 1583 500 1644 dem,
523 1597 665 1648 quae
696 1587 760 1633 tu
784 1583 1007 1645 scribis,
1039 1586 1240 1649 partim
1268 1582 1398 1631 ἕωλα
1435 1592 1563 1636 sunt
1597 1592 1655 1636 et
1683 1600 1717 1635 a
1740 1592 1798 1635 te
1829 1585 1960 1635 ioco

355 1652 587 1715 scripta,
622 1650 822 1715 partim
848 1650 1009 1701 nimis
1032 1650 1217 1701 aliena
1233 1651 1302 1711 ab
1323 1651 1550 1719 ingenio
1581 1666 1724 1702 meo.
1793 1652 1960 1702 Mene

355 1722 417 1766 ut
436 1731 674 1782 unquam
694 1716 850 1767 illius
872 1714 1254 1779 humanitatis,
1287 1732 1449 1783 quam
1473 1719 1531 1767 in
1549 1724 1606 1768 te
1630 1719 1766 1769 etin
1788 1718 1960 1769 Cana-

352 1782 433 1833 lio
455 1788 647 1832 nostro
687 1783 1070 1833 mediusfidius
1109 1798 1284 1850 prope
1325 1784 1662 1851 singularem
1699 1799 1766 1834 co
1811 1784 1958 1845 novi,

356 1861 555 1911 capere
578 1848 758 1913 possit
780 1848 1019 1899 oblivio‘ss
1048 1851 1192 1900 Tum
1213 1864 1320 1916 ego
1349 1866 1436 1901 me
1456 1852 1743 1918 indignum
1787 1857 1960 1912 atear,

354 1914 450 1991 qui
472 1925 625 1963 amer
644 1927 677 1961 a
690 1914 864 1963 vestri
884 1914 1158 1965 similibus
1171 1952 1186 1975 ,
1206 1916 1266 1965 id
1285 1921 1397 1978 est,
1429 1933 1463 1967 a
1492 1918 1628 1968 viris
1656 1915 1958 1967 humanita-

352 1986 447 2039 us,
470 1978 827 2043 integritatiS,
853 1980 1023 2030 oflicii
1042 1980 1240 2045 plenis,
1313 1981 1498 2043 Quare
1516 1985 1699 2046 mitte,
1723 1983 1956 2033 obsecro

353 2049 435 2106 te,
466 2044 577 2093 ista
605 2044 696 2094 vel
727 2046 1024 2111 suspicari,
1047 2044 1161 2108 vel,
1183 2061 1292 2113 quo
1313 2062 1401 2097 me
1423 2051 1664 2112 crucies,
1697 2050 1957 2099 simulare

352 2117 413 2161 te
435 2110 724 2177 suspicari.
770 2110 893 2179 Ego
918 2111 1058 2163 duos
1080 2127 1182 2163 vos
1205 2128 1408 2178 amare,
1431 2116 1638 2178 colere,
1661 2117 1958 2166 observare

354 2192 468 2229 nou
490 2178 756 2243 desinam,
780 2178 889 2229 nisi
910 2179 959 2229 is
982 2193 1126 2243 esse,
1149 2180 1244 2247 qui
1263 2198 1401 2244 sum,
1423 2182 1688 2233 desinam.
1746 2180 1959 2241 Quodsi

353 2245 535 2296 rarius
556 2245 763 2307 scribo,
785 2245 1083 2312 ignoscere
1104 2263 1204 2298 vos
1231 2256 1456 2313 oportet
1473 2249 1566 2299 vel
1585 2248 1960 2313 occupationi-

336 2310 458 2361 ·bus
491 2312 584 2362 vel
612 2312 666 2379 pi
738 2312 874 2363 itiae
892 2327 1075 2363 meae:
1122 2329 1265 2380 quae
1296 2318 1717 2381 ingravescente
1737 2316 1848 2364 iam
1871 2327 1958 2363 ae·

353 2382 471 2427 tate
493 2379 648 2441 quoti
692 2380 743 2427 ie
766 2380 943 2444 magis
964 2394 1031 2429 ac
1048 2380 1226 2446 magis
1249 2388 1502 2446 augetur.
1567 2382 1828 2445 Magnam
1849 2379 1959 2430 lae·

352 2442 536 2491 titiam
564 2444 804 2505 nuntias,
826 2444 978 2509 quod
998 2460 1097 2495 vos
1124 2461 1235 2495 una
1260 2446 1487 2497 ineunte
1519 2461 1663 2496 anno
1683 2447 1742 2495 in
1767 2445 1956 2495 urbem

352 2512 621 2559 venturos
641 2508 945 2591 polliceris.
1015 2510 1194 2560 Fruar
1213 2514 1356 2561 enim
1379 2512 1664 2578 adspectu,
1685 2512 1960 2577 amplexu,

412 2604 453 2659 ⁶¹)
477 2604 623 2646 otatt.
642 2602 748 2646 vol.
768 2602 807 2645 1.
830 2608 898 2647 24.
