2275 3025
405 167 471 216 22
926 162 1007 214 Μ.
1042 164 1103 215 A.
1141 163 1452 216 MURETI

407 260 638 317 δύσελπις
656 264 782 328 πέρα
801 264 893 312 τοῦ
913 264 1126 330 μετρίου
1148 278 1272 316 esse
1291 264 1501 316 soleam
1514 300 1530 327 ,
1565 270 1777 317 tantum
1804 278 1874 319 ex
1896 264 1980 316 in-

407 332 726 397 dignatione
745 330 977 396 quadam
998 332 1372 399 superioribus
1388 332 1593 384 diebus
1623 340 1893 399 concepta
1910 333 1981 383 ad

402 398 557 449 illam
578 398 883 449 naturalem
909 398 1261 447 δυσελπιστίαν
1279 399 1613 463 adiecerant,
1654 407 1715 450 ut
1733 416 1843 451 non
1860 406 1979 450 tan-

404 472 520 515 tum
541 464 666 516 aliis
687 466 936 517 omnibus
959 480 1145 532 asper,
1171 481 1448 530 morosus,
1478 462 1854 533 ἅπροσήγορος,
1888 480 1982 516 ve-

405 546 528 583 rum
563 533 729 583 etiam
764 530 1014 583 mihimet
1035 532 1140 597 ipsi
1164 532 1391 584 odiosus
1419 540 1582 601 atque
1618 534 1827 585 invisus
1855 546 1981 585 esse

409 600 731 665 coepissem.
799 598 912 650 Sed
947 599 1141 650 redibo
1181 598 1253 649 ad
1293 615 1381 650 me
1420 614 1618 667 meque
1654 600 1874 664 amabo,
1910 614 1981 650 ne

408 666 540 734 quid
559 681 669 717 non
683 680 883 727 amem,
917 665 1070 731 quod
1086 679 1236 715 ames
1254 671 1341 729 tu,
1373 668 1431 717 in
1450 682 1561 747 quo
1580 674 1693 731 est,
1707 667 1983 735 quidquid

405 748 634 799 usquam
655 738 758 794 est,
779 732 1030 782 amabile.
1089 731 1377 783 Rasarium
1402 738 1462 783 et
1476 734 1615 785 illud
1634 736 1867 786 alterum
1886 732 1984 783 ho·

405 800 567 851 minis
605 798 874 849 somnium
909 792 1073 846 πολλὰ
1119 794 1353 864 cipitur
1387 798 1573 852 iubeo.
1660 800 1983 867 Quanquam

408 878 550 933 quae
579 865 880 932 indignitas
901 871 1014 927 est,
1039 880 1127 917 me
1149 881 1184 916 a
1198 872 1311 916 tam
1330 866 1569 917 indoctis
1592 872 1814 933 tamque
1835 867 1983 917 abie-

407 933 512 983 ctis
533 932 894 983 nebulonibus
917 933 1245 999 oppugnari!
1280 931 1511 987 hoccine
1536 933 1845 985 saeculum}
1878 934 1984 983 Mi-

406 997 461 1050 hi
497 998 690 1061 crede,
723 999 832 1050 nisi
846 1006 1190 1051 sustentaret
1210 1014 1299 1051 me
1324 1000 1577 1067 voluptas
1602 1014 1695 1063 ea,
1732 1014 1895 1066 quam
1914 994 2005 1051 ex*

407 1066 650 1117 amicitia
669 1073 858 1117 nostra
877 1082 940 1118 ca
979 1068 1059 1130 io,
1100 1067 1391 1119 evaderem
1410 1075 1506 1119 aut
1522 1066 1869 1119 Atheniensis
1884 1066 1985 1117 ille

403 1130 794 1199 μισάνθρωπος,
816 1140 912 1185 aut
975 1133 1301 1203 ellerophon
1318 1136 1669 1199 Homericus,
1692 1135 1782 1202 qui

540 1278 607 1289 —
624 1245 725 1298 κὰπ
735 1248 918 1299 πεδίον
933 1246 1205 1315 τὸἍλὴῖον
1224 1250 1327 1307 οἶος
1346 1248 1529 1315 ἇλᾶτο,

541 1311 601 1364 ὃν
621 1313 801 1381 θυμὸν
817 1316 1062 1377 κατέδων,
1083 1313 1247 1367 πάτον
1266 1314 1559 1386 ἀνθρώπων
1580 1314 1833 1369 ἀλεείνων.
1845 1318 1897 1380 ⁴)

409 1432 494 1484 De
514 1431 673 1495 Pola,
694 1432 824 1500 quid
843 1446 948 1501 ego
967 1431 1088 1496 tibi,
1108 1434 1185 1484 mi
1201 1428 1433 1496 Manufi,
1454 1434 1660 1516 gratias
1681 1434 1869 1503 agam?
1894 1436 1991 1485 aut

413 1500 610 1570 quibus
629 1500 811 1552 verbis
837 1501 998 1551 istam
1012 1500 1179 1552 animi
1196 1502 1276 1552 tui
1295 1502 1723 1570 magnitudinem
1738 1502 1897 1571 plane
1906 1517 1990 1552 re·

412 1569 561 1638 giam
579 1567 923 1634 praedicem}
956 1568 1187 1636 Ecquod
1207 1570 1314 1620 erit
1331 1584 1569 1636 unquam
1586 1577 1799 1638 tempus
1811 1608 1829 1640 ,
1868 1584 1991 1620 cum

415 1651 522 1704 ego
546 1635 647 1688 tibi
678 1651 799 1689 cum
826 1636 1018 1687 liberis
1042 1637 1155 1687 tuis
1188 1637 1423 1704 aliquam
1447 1637 1843 1689 beneficiorum
1866 1651 1989 1704 par·

413 1709 526 1755 tem
551 1704 846 1771 reponam!
883 1703 994 1756 Sed
1013 1719 1120 1770 quo
1140 1709 1204 1756 tu
1224 1703 1509 1755 liberalior
1535 1721 1596 1757 es
1638 1711 1694 1756 et
1722 1704 1993 1756 amantior

413 1771 548 1834 mei,
577 1786 643 1823 eo
664 1787 751 1822 me
769 1773 978 1823 maiore
998 1771 1184 1823 studio
1205 1785 1400 1822 cavere
1423 1771 1605 1836 decet,
1641 1787 1710 1824 ne
1728 1774 1994 1824 maiorem
2028 1791 2037 1800 ·

415 1838 690 1889 commodi
711 1839 818 1890 mei
847 1854 1007 1906 quam
1027 1845 1243 1890 tuarum
1259 1839 1455 1891 virium
1486 1841 1755 1892 rationem
1775 1837 1993 1890 habuis-

416 1919 478 1954 se
504 1903 713 1957 videar.
779 1903 970 1971 Neque
990 1909 1135 1957 enim
1161 1921 1391 1974 aequum
1420 1914 1530 1972 est,
1566 1915 1629 1958 ut
1652 1913 1877 1975 propter
1903 1919 1993 1956 me

415 1970 767 2088 geregrinum
788 1969 1091 2035 hominem,
1119 1975 1209 2023 cui
1233 1973 1374 2024 nihil
1399 1981 1485 2025 est
1508 1982 1729 2042 praeter
1757 1974 1994 2024 animum

458 2052 620 2088 onum
642 2043 697 2088 et
717 2036 879 2089 iidem
891 2074 907 2101 ,
949 2039 1235 2104 quicquam
1255 2039 1324 2090 de
1342 2045 1440 2090 tua
1456 2055 1519 2092 re
1537 2040 1797 2092 familiari
1816 2039 1995 2090 detra-

417 2103 596 2156 hatur.
667 2104 863 2155 Omnia
889 2105 1104 2171 perpeti
1127 2107 1301 2156 satius
1328 2113 1435 2156 est:
1474 2122 1585 2171 non
1612 2104 1997 2170 deerit,.und'e

415 2173 621 2235 vivam,
661 2175 741 2234 et,
778 2173 827 2222 si
855 2169 960 2223 hoc
989 2171 1191 2234 deerit,
1230 2187 1342 2222 non
1368 2172 1572 2236 deerit,
1606 2175 1750 2227 unde
1773 2175 1996 2226 moriar.

421 2237 569 2291 Satis
590 2238 683 2290 diu
701 2239 892 2290 vixero
906 2274 921 2301 ,
943 2240 992 2290 si
1010 2245 1303 2305 antequam
1322 2253 1353 2291 e
1373 2239 1487 2290 vita
1502 2243 1731 2308 migrem
1743 2278 1757 2304 ,
1776 2242 1995 2307 insigne

419 2306 646 2373 aliquod
670 2305 968 2358 voluntatis
1005 2320 1139 2374 erga
1162 2313 1217 2357 te
1241 2320 1398 2358 meae
1419 2309 1795 2361 testimonium
1830 2307 1997 2358 edere

458 2379 673 2424 otnero.
743 2372 1063 2440 Quanquam
1092 2373 1223 2440 quid
1244 2379 1357 2437 est,
1394 2389 1493 2428 cur
1518 2374 1625 2427 hoc
1652 2389 1874 2441 sperare
1904 2373 1997 2424 de-

459 2439 611 2490 eam}
643 2441 864 2492 Animus
883 2441 984 2492 tibi
999 2479 1014 2503 ,
1032 2441 1273 2505 Manuti,
1294 2443 1506 2494 animus
1524 2457 1624 2509 pro
1643 2442 1887 2510 praemio
1908 2455 1997 2492 ac-

420 2505 705 2573 cipiendus
743 2514 850 2560 eet:
888 2524 997 2577 quo
1022 2515 1086 2560 tu
1115 2510 1166 2560 si
1202 2515 1495 2562 contentus
1534 2523 1659 2561 esse
1683 2507 1887 2570 nolles,
1926 2509 1996 2558 ad

417 2588 570 2627 meas
613 2575 876 2628 maximas
911 2576 1243 2628 acerbitates
1290 2576 1583 2640 accederet
1616 2574 1718 2626 illa
1756 2575 1997 2628 omnium

475 2685 519 2742 ⁸)
548 2686 680 2732 Rom.
696 2685 755 2733 n.
773 2687 856 2733 VI.
874 2692 971 2735 2⁰1.
989 2691 1084 2734 2⁰2
