2275 3025
561 156 645 223 ω
680 154 887 209 man.
925 153 1287 209 mvmuL.
1325 154 1606 207 Patiar.
1777 152 1876 207 sss

279 258 414 311 Feci
454 262 667 320 autem,
753 256 866 308 uod
903 255 1216 322 locupletes
1253 254 1530 305 interdum
1567 252 1878 323 oenopolae

282 325 485 387 solent,
525 324 621 390 qui
656 338 746 375 mu
771 330 829 374 ta
866 321 1180 389 hospitibus
1215 321 1328 371 vini
1367 334 1575 388 genera
1607 320 1881 387 gustanda

280 398 614 458 proponunt,
652 389 913 441 electuris
951 388 1102 455 quod
1140 387 1211 438 ad
1249 386 1495 453 palatum
1531 386 1768 436 maxime
1797 384 1879 435 fe-

282 458 445 508 cerit:
480 470 605 507 nam
622 456 705 507 ita
722 462 781 509 et
802 470 904 506 nos
920 454 1098 514 multa
1114 455 1433 521 poemation
1453 465 1661 520 genera
1678 464 1878 518 propo-

281 523 520 585 suimus,
556 527 617 573 ut
642 520 691 573 si
719 521 867 573 forte
896 522 955 572 in
990 520 1179 588 aliquo
1205 518 1511 571 lectoribus
1547 516 1876 569 fecissemus

281 590 447 650 satis,
483 589 541 639 in
572 602 643 638 eo
661 588 822 653 plura
840 600 1008 654 porro
1030 587 1288 637 emittere
1302 596 1680 652 pergeremus.
1749 583 1886 635 Hoc

281 663 468 705 autem
489 653 749 720 quicquid
774 660 895 705 erat
916 653 1111 716 libelli,
1151 652 1420 703 Iuvenilia
1438 650 1744 703 inscribere
1763 649 1878 717 pla-

284 720 429 781 cuit,
471 727 555 780 ut,
587 719 638 769 si
662 719 793 786 quid
819 719 967 770 forte
987 719 1264 771 interdum
1284 717 1546 769 lascivius
1566 716 1773 767 dictum
1794 730 1878 767 es-

281 791 396 847 set,
437 786 562 851 ipsa
590 798 693 836 nos
727 786 872 850 apud
898 787 1214 837 severiores
1240 789 1534 836 excusaret
1561 782 1874 849 inscriptio.

278 853 356 903 Ac
376 852 539 903 initio
560 850 782 918 quidem
804 852 1158 903 decreveram
1174 887 1191 914 ,
1229 854 1354 902 eu'm
1383 849 1589 901 nemini
1621 850 1877 916 cuiquam

280 918 501 980 dicare,
538 923 601 969 ut
633 918 729 984 qui
758 919 900 969 tanti
919 931 1043 969 esse
1066 932 1178 968 non
1200 917 1485 968 ducerem:
1562 914 1676 967 uod
1696 914 1878 967 consi·

277 983 414 1036 lium
436 998 535 1035 cur
555 990 753 1051 postea
770 986 1121 1046 mutaverim,
1161 981 1466 1050 intelliges.
1582 997 1672 1032 um
1690 982 1802 1032 iam
1819 980 1877 1032 in

280 1064 351 1101 eo
374 1050 700 1102 excudendo
722 1050 937 1101 librarii
959 1054 1172 1111 essent,
1193 1049 1341 1099 forte
1361 1049 1453 1100 die
1473 1048 1714 1115 quodam
1733 1046 1876 1098 acci-

279 1116 395 1179 dit,
432 1121 496 1167 ut
525 1130 597 1168 ex
629 1117 939 1168 studiorum
973 1114 1258 1167 laboribus
1289 1114 1576 1182 peiuscule
1601 1128 1690 1165 me
1713 1110 1880 1164 babe-

277 1197 399 1234 rem
482 1178 703 1233 Venere
742 1183 812 1234 ad
836 1196 945 1245 me,
1022 1196 1085 1233 ro
1111 1188 1306 1232 nostra
1332 1179 1734 1243 familiaritate,
1774 1178 1879 1229 Co·

279 1262 399 1300 mes
417 1248 706 1310 Alsinous,
743 1247 785 1299 1.
805 1250 987 1301 Anton
1014 1265 1077 1299 us
1097 1247 1337 1310 Baiiius,
1368 1244 1680 1314 Stephanus
1701 1244 1881 1297 lodel·

280 1314 396 1377 lus,
436 1319 499 1366 ut
529 1313 778 1381 alloquio
806 1330 910 1366 suo
943 1320 1000 1367 et
1028 1320 1240 1382 partem
1261 1328 1418 1366 meae
1437 1312 1731 1365 molestiae
1750 1311 1885 1363 alle·

281 1387 480 1432 varent
496 1386 557 1432 et
610 1381 858 1433 aullatim
881 1382 1192 1434 eximerent
1211 1382 1376 1433 diem.
1422 1380 1506 1433 lbi
1525 1379 1712 1432 multis
1731 1378 1881 1430 ultro

283 1448 539 1515 citroque
600 1448 768 1499 abitis
786 1448 997 1511 verbis,
1035 1448 1259 1501 tandem
1291 1448 1360 1499 de
1395 1446 1483 1500 bis
1516 1448 1685 1499 etiam
1717 1442 1882 1514 nugis

283 1515 523 1567 iniectus
566 1525 657 1567 est
691 1530 905 1568 sermo=
953 1516 1162 1582 primus
1204 1529 1272 1566 ue
1307 1515 1521 1567 Baiflus
1558 1514 1780 1582 rogavit
1813 1527 1883 1564 ex

281 1595 390 1643 me,
412 1584 698 1634 eccuinam
716 1580 917 1634 librum
938 1594 1118 1632 meum
1141 1583 1176 1632 d
1201 1581 1668 1658 care-meditarer.
1737 1579 1880 1631 Tum

282 1646 497 1762 3:53:ss
511 1647 1213 1776 ffessxsssfssffflffzsszzk.
1234 1644 1882 1775 1:223'252250352225

282 1783 399 1828 tum
418 1775 476 1826 id
496 1775 601 1826 tibi
633 1788 839 1842 perque
873 1781 1162 1840 acceptum
1193 1772 1349 1825 fore:
1389 1774 1662 1840 simulque
1691 1779 1884 1826 nactus

283 1841 504 1894 dicendi
525 1856 805 1908 campum,
847 1856 970 1892 cum
997 1840 1111 1892 alia
1127 1839 1304 1892 multa
1331 1840 1402 1892 de
1425 1847 1484 1892 te
1517 1837 1883 1891 bonorificen-

282 1909 496 1961 tissime
518 1921 952 1959 commemorare
973 1908 1189 1974 coepit,
1226 1913 1343 1958 tum
1369 1922 1438 1960 ea
1456 1921 1596 1975 quae
1616 1908 1754 1958 tuin
1775 1905 1883 1956 Lu·

280 1975 538 2028 dovicum
563 1974 916 2036 Quen-culum,
959 1971 1237 2026 bominem
1261 1975 1524 2041 optimum
1546 1979 1604 2025 et
1624 1972 1880 2025 doctissi-

280 2056 446 2102 mum,
486 2041 865 2092 institutorem
886 2041 1017 2093 olim
1039 2047 1214 2104 tuum,
1251 2040 1650 2110 benignissime
1670 2046 1728 2092 et
1747 2039 1880 2091 feci-

279 2107 432 2157 sti'et
450 2106 701 2172 quotidie
722 2106 879 2158 facis.
954 2108 1110 2168 Quae
1143 2109 1252 2188 etsi
1271 2122 1463 2160 omnes
1486 2107 1695 2176 optime
1713 2121 1879 2158 nove-

280 2185 707 2290 {232⁸3122⁰1'.¹2?.
723 2173 1672 2308 3¹323:5303525333322‘233
1692 2171 1880 2299 ‘¹3:¹33

280 2303 540 2371 quaeris}
592 2303 727 2356 Cum
746 2305 1085 2373 aliquamdiu
1103 2306 1411 2359 reluctatus
1441 2305 1700 2367 fuissem,
1739 2303 1878 2355 veri·

276 2376 391 2432 tus,
432 2384 501 2421 ne
525 2384 714 2438 parum
735 2373 999 2424 decorum
1019 2370 1307 2426 videretur
1323 2373 1434 2424 ista
1453 2378 1567 2424 tam
1587 2371 1794 2437 pusilla
1820 2372 1877 2422 in

278 2443 375 2487 tuo
396 2439 535 2488 tanti
558 2437 659 2488 viri
683 2440 901 2490 nomine
924 2453 1220 2505 apparere,
1260 2439 1330 2490 ad
1359 2443 1665 2490 extremum
1693 2443 1878 2490 tamen

278 2503 1364 2638 xz.⁹.523“53.2‘3.⁹;533:15:232²3:322&
1387 2502 1880 2637 “333232‘33252525

280 2649 404 2688 cum
443 2635 639 2704 culpae
678 2639 953 2692 sustineat
970 2644 1203 2706 partem.
1272 2606 1452 2690 Valde
1471 2643 1656 2690 autem
1675 2643 1733 2689 te
1756 2651 1876 2699 oro,

346 2713 614 2770 Munnr.
649 2716 761 2773 Er.
1505 2716 1548 2768 Ζ
