2275 3025
494 117 755 170 EPIST.
790 85 951 166 Lm.
983 115 1058 166 11.
1094 116 1222 172 Er.
1253 117 1382 170 xv.
1417 119 1582 172 xvi.
1748 120 1842 172 1⁹1

254 235 377 272 cnm
413 219 539 270 aliis
576 215 835 270 conferre
870 214 1130 266 voluerit.
1200 217 1332 266 Tibi
1369 225 1574 280 autem,
1607 221 1848 272 Adriane

254 285 531 347 Turnebe‚
568 285 656 336 vir
696 283 904 347 optime
944 286 999 330 et
1038 281 1381 344 doctissime,
1419 283 1565 334 hunc
1601 283 1851 337 laborem

254 367 433 403 meum
450 350 759 402 inscribere
783 345 1053 412 quasique
1075 361 1405 398 consecrare
1434 349 1646 414 placuit
1663 385 1678 410 ,
1714 357 1850 414 tum,

256 424 320 469 ut
352 422 601 468 exstaret
617 414 1015 477 monimentum
1051 412 1282 480 aliquod
1330 416 1537 465 veteris
1575 415 1852 468 amicitiae

257 490 505 544 nostrae,
523 489 658 541 tum,
680 485 743 530 ut
765 479 909 529 liber
928 479 1047 544 ipse
1069 477 1178 530 hoc
1197 481 1421 532 nomine
1448 481 1719 532 studiosis
1741 496 1853 532 om-

258 549 419 599 nibus
440 549 655 616 gratior
674 559 739 596 ac
760 545 1197 597 commendatior
1231 545 1401 598 foret.
1471 547 1546 597 Et
1581 561 1714 598 saue
1735 549 1852 598 sive

260 613 609 682 quaerendus
646 618 767 662 erat
783 612 988 663 amicus
1010 611 1077 663 de
1098 628 1186 664 me
1205 613 1618 676 bene-meritus,
1633 612 1722 664 cui
1747 611 1854 664 hoc

258 679 640 730 munusculum
672 679 917 740 daretur,
950 680 1224 730 neminem
1259 681 1471 731 ordinis
1505 680 1687 730 nostri
1703 679 1854 731 vide·

260 747 419 806 bam,
458 746 549 796 cui
566 745 687 811 plus
708 745 989 796 deberem:
1029 748 1148 798 sive
1169 746 1498 814 deligendus
1517 747 1688 797 iudex
1703 782 1719 809 ‚
1759 745 1852 813 qui

262 813 333 864 de
354 811 441 862 his
461 813 625 864 rebus
647 813 961 864 existimare
983 827 1125 864 unus
1147 815 1389 864 omnium
1412 814 1618 880 optime
1638 820 1852 879 posset,

256 878 470 930 nullum
506 880 754 945 reperire
788 885 1041 945 poteram
1057 915 1074 942 ‚
1113 880 1205 929 cui
1223 881 1424 930 iustius
1443 879 1501 929 id
1522 879 1853 942 deferretur,

257 959 425 1012 quam
440 945 559 996 tibi.
628 945 757 998 Non
776 946 924 995 enim
943 949 1041 994 aut
1060 945 1384 1008 obscurum,
1413 951 1508 995 aut
1539 946 1854 1012 ambiguum

258 1018 362 1075 est,
383 1013 529 1064 inter
549 1026 741 1063 omues
762 1013 859 1077 qui
878 1010 1048 1060 hodie
1070 1009 1291 1062 litteras
1309 1015 1575 1072 tractant,
1605 1010 1674 1060 ad
1693 1025 1854 1077 quem

260 1092 332 1128 ex
360 1077 675 1128 hominibus
700 1077 910 1126 nostris
940 1077 1152 1140 primae
1188 1077 1308 1128 sine
1346 1078 1730 1128 controversia
1763 1076 1855 1128 de·

258 1143 527 1194 ferantur.
598 1141 741 1193 Vale
760 1155 983 1208 meque,
1012 1147 1072 1192 ut
1089 1141 1231 1194 facis
1244 1178 1263 1205 ,
1283 1157 1468 1194 amare
1488 1156 1678 1210 perge.
1747 1142 1854 1194 Lu-

260 1211 453 1260 tetiae.
475 1208 554 1260 Id.
574 1208 740 1260 Mart.
762 1221 995 1258 Momm.

478 1487 636 1543 xw.
673 1488 751 1541 Μ.
786 1485 1214 1567 ANTons
1247 1489 1638 1545 muamus

262 1589 313 1626 Β.
362 1587 625 1625 Mssnnuo
680 1587 1028 1624 Fun-nuovo
1100 1586 1422 1625 Pswntcxo
1488 1589 1858 1627 nrvronssn-

978 1652 1040 1689 81
1097 1650 1147 1689 S·

330 1705 577 1803 Quibus
620 1753 691 1791 ex
728 1739 911 1789 causis
958 1752 1212 1805 quaeque
1231 1754 1322 1791 res
1343 1738 1546 1792 effecta
1571 1746 1675 1803 est,
1713 1740 1855 1794 Luci
1887 1766 1896 1774 ·

259 1806 508 1867 Memmi,
536 1820 725 1855 eamm
756 1806 988 1857 interitu
1004 1819 1071 1854 ac
1088 1808 1546 1857 commutationei
1552 1823 1702 1877 psam
1721 1824 1856 1875 quo-

262 1887 371 1939 que
408 1870 738 1921 labefactari
774 1886 840 1920 ac
877 1870 1176 1922 concidere
1223 1887 1453 1924 necesse
1493 1881 1597 1926 est.
1669 1874 1854 1935 Quare

258 1938 573 1991 mirandum
592 1952 703 1987 non
720 1944 831 1999 est,
852 1938 917 1997 ,si
947 1952 1082 2005 quas
1108 1939 1382 1991 amicitias
1403 1942 1648 2008 vulgaris
1669 1942 1858 2006 aliqua

262 2020 329 2060 ac
348 2005 489 2056 levis
510 2018 679 2055 causa
698 2003 997 2065 coniunxit,
1021 2020 1117 2055 eas
1136 2012 1333 2057 nutare
1355 2007 1425 2058 ad
1447 2023 1684 2069 omnem,
1697 2013 1759 2057 ut
1778 2008 1858 2057 di-

263 2072 425 2133 citur,
436 2071 719 2122 ventulum
738 2072 1065 2139 tandemque
1088 2073 1159 2124 ad
1177 2072 1410 2125 nihilum
1427 2074 1682 2125 recidere
1703 2072 1856 2120 vide-

258 2154 458 2189 amus..
505 2138 597 2187 Me
624 2152 756 2190 vero
784 2153 895 2189 nou
916 2138 1065 2190 fluxa
1092 2139 1279 2205 aliqua
1297 2156 1388 2191 res
1409 2147 1467 2191 et
1486 2136 1859 2193 vicissitudini

261 2205 505 2257 obnoxia
524 2205 811 2256 coniunxit
830 2205 958 2267 tibi;
990 2205 1091 2257 sed
1112 2222 1234 2256 cum
1257 2207 1461 2257 eximia
1479 2204 1748 2272 quaedam
1775 2202 1855 2251 in-

255 2271 412 2338 genii
431 2278 767 2339 naturaeque
790 2277 915 2323 tuae
935 2272 1158 2323 bonitas
1175 2288 1430 2338 magnam
1445 2273 1502 2321 in
1522 2271 1705 2320 animo
1725 2281 1852 2317 meo

257 2339 341 2389 tui
378 2338 797 2389 admirationem
838 2339 1141 2389 excitasset
1157 2375 1174 2399 ,
1222 2354 1289 2389 ea
1328 2336 1528 2388 deinde
1566 2335 1713 2383 inter
1749 2348 1852 2384 nos

258 2403 539 2456 amicitiae
560 2403 919 2456 fundamenta
938 2406 1242 2455 constituta
1259 2408 1414 2463 sunt,
1445 2414 1584 2465 quae
1615 2398 1746 2465 quia
1763 2414 1853 2451 ae·

258 2479 445 2521 ternas
473 2470 745 2536 planeque
778 2470 993 2520 divinas
1014 2470 1232 2521 radices
1253 2466 1476 2526 habent,
1497 2464 1782 2529 falluntur,
1803 2468 1854 2517 si

256 2537 353 2602 qui
370 2537 820 2588 coniunctionem
846 2533 987 2583 hanc
1015 2541 1260 2586 nostram
1287 2539 1384 2581 aut
1410 2529 1663 2581 locorum
1684 2533 1855 2581 inter-

254 2602 415 2655 vallis
437 2609 534 2655 aut
560 2608 873 2669 temporum
898 2604 995 2649 aut
1014 2600 1124 2650 ulla
1155 2601 1211 2649 vi
1229 2610 1448 2659 semper
1473 2597 1776 2646 saevientis
1795 2595 1864 2665 in-
