<?xml version="1.0" encoding="UTF-8"?>
<!DOCTYPE html PUBLIC "-//W3C//DTD XHTML 1.0 Transitional//EN"
    "http://www.w3.org/TR/xhtml1/DTD/xhtml1-transitional.dtd">
<html xmlns="http://www.w3.org/1999/xhtml" xml:lang="en" lang="en">
 <head>
  <title>
</title>
<meta http-equiv="Content-Type" content="text/html;charset=utf-8" />
  <meta name='ocr-system' content='tesseract 3.04.00' />
  <meta name='ocr-capabilities' content='ocr_page ocr_carea ocr_par ocr_line ocrx_word'/>
</head>
<body>
  <div class='ocr_page' id='page_1' title='image "./epistolae00unkngoog_0263.png"; bbox 0 0 2275 3025; ppageno 0'>
   <div class='ocr_carea' id='block_1_1' title="bbox 423 153 1848 231">
    <p class='ocr_par' dir='ltr' id='par_1_1' title="bbox 423 153 1848 231">
     <span class='ocr_line' id='line_1_1' title="bbox 423 153 1848 231; baseline -0.001 -2"><span class='ocrx_word' id='word_1_1' title='bbox 423 175 683 230; x_wconf 66' lang='lat' dir='ltr'><strong>ems-T.</strong></span> <span class='ocrx_word' id='word_1_2' title='bbox 721 175 878 228; x_wconf 77' lang='lat' dir='ltr'><strong>Lm.</strong></span> <span class='ocrx_word' id='word_1_3' title='bbox 914 175 1023 226; x_wconf 81' lang='grc' dir='ltr'><strong>ιιι.</strong></span> <span class='ocrx_word' id='word_1_4' title='bbox 1060 177 1180 227; x_wconf 78' lang='grc' dir='ltr'><strong>ΕΡ.</strong></span> <span class='ocrx_word' id='word_1_5' title='bbox 1218 177 1507 231; x_wconf 80' lang='lat' dir='ltr'><strong>xxxix.</strong></span> <span class='ocrx_word' id='word_1_6' title='bbox 1545 153 1672 230; x_wconf 71' lang='lat' dir='ltr'><strong>xi..</strong></span> <span class='ocrx_word' id='word_1_7' title='bbox 1749 175 1848 228; x_wconf 78' lang='lat'><strong>255</strong></span> 
     </span>
    </p>
   </div>
   <div class='ocr_carea' id='block_1_2' title="bbox 248 273 1916 1916">
    <p class='ocr_par' dir='ltr' id='par_1_2' title="bbox 248 273 1916 1916">
     <span class='ocr_line' id='line_1_2' title="bbox 255 273 1851 342; baseline 0 -15"><span class='ocrx_word' id='word_1_8' title='bbox 255 277 359 328; x_wconf 80' lang='lat' dir='ltr'><strong>dae</strong></span> <span class='ocrx_word' id='word_1_9' title='bbox 378 277 726 337; x_wconf 82' lang='lat' dir='ltr'><strong>eruditionis,</strong></span> <span class='ocrx_word' id='word_1_10' title='bbox 750 276 955 326; x_wconf 80' lang='lat' dir='ltr'><strong>eximia</strong></span> <span class='ocrx_word' id='word_1_11' title='bbox 972 275 1206 342; x_wconf 85' lang='lat' dir='ltr'><strong>quadam</strong></span> <span class='ocrx_word' id='word_1_12' title='bbox 1227 273 1462 327; x_wconf 76' lang='lat' dir='ltr'><strong>Latinae</strong></span> <span class='ocrx_word' id='word_1_13' title='bbox 1484 279 1754 328; x_wconf 82' lang='lat' dir='ltr'><strong>orationis</strong></span> <span class='ocrx_word' id='word_1_14' title='bbox 1770 276 1851 327; x_wconf 81' lang='lat' dir='ltr'><strong>fa·</strong></span> 
     </span>
     <span class='ocr_line' id='line_1_3' title="bbox 255 339 1851 409; baseline 0 -15"><span class='ocrx_word' id='word_1_15' title='bbox 255 343 461 396; x_wconf 81' lang='lat' dir='ltr'><strong>eultate</strong></span> <span class='ocrx_word' id='word_1_16' title='bbox 500 359 573 394; x_wconf 89' lang='lat' dir='ltr'><strong>ac</strong></span> <span class='ocrx_word' id='word_1_17' title='bbox 608 343 773 409; x_wconf 87' lang='lat' dir='ltr'><strong>copia</strong></span> <span class='ocrx_word' id='word_1_18' title='bbox 810 349 995 392; x_wconf 79' lang='lat' dir='ltr'><strong>tecum</strong></span> <span class='ocrx_word' id='word_1_19' title='bbox 1036 356 1107 392; x_wconf 79' lang='lat' dir='ltr'><strong>ex</strong></span> <span class='ocrx_word' id='word_1_20' title='bbox 1128 339 1290 391; x_wconf 87' lang='lat' dir='ltr'><strong>huius</strong></span> <span class='ocrx_word' id='word_1_21' title='bbox 1315 344 1516 392; x_wconf 84' lang='lat' dir='ltr'><strong>aetatis</strong></span> <span class='ocrx_word' id='word_1_22' title='bbox 1538 340 1851 394; x_wconf 82' lang='lat' dir='ltr'><strong>hominibus</strong></span> 
     </span>
     <span class='ocr_line' id='line_1_4' title="bbox 324 409 1851 474; baseline 0.001 -15"><span class='ocrx_word' id='word_1_23' title='bbox 324 410 619 460; x_wconf 85' lang='lat' dir='ltr'><strong>ucissimos</strong></span> <span class='ocrx_word' id='word_1_24' title='bbox 643 423 765 460; x_wconf 84' lang='lat' dir='ltr'><strong>com</strong></span> <span class='ocrx_word' id='word_1_25' title='bbox 840 422 974 468; x_wconf 87' lang='lat' dir='ltr'><strong>rem,</strong></span> <span class='ocrx_word' id='word_1_26' title='bbox 1007 409 1281 458; x_wconf 87' lang='lat' dir='ltr'><strong>neminem</strong></span> <span class='ocrx_word' id='word_1_27' title='bbox 1320 415 1472 459; x_wconf 85' lang='lat' dir='ltr'><strong>certe</strong></span> <span class='ocrx_word' id='word_1_28' title='bbox 1501 414 1851 474; x_wconf 74' lang='lat' dir='ltr'><strong>anteponam.</strong></span> 
     </span>
     <span class='ocr_line' id='line_1_5' title="bbox 278 423 1853 554; baseline -0.003 -28"><span class='ocrx_word' id='word_1_29' title='bbox 278 481 447 554; x_wconf 84' lang='lat' dir='ltr'><strong>taque</strong></span> <span class='ocrx_word' id='word_1_30' title='bbox 468 477 688 543; x_wconf 89' lang='lat' dir='ltr'><strong>quoties</strong></span> <span class='ocrx_word' id='word_1_31' title='bbox 709 423 843 525; x_wconf 45' lang='lat' dir='ltr'><strong>mizi</strong></span> <span class='ocrx_word' id='word_1_32' title='bbox 864 474 1027 540; x_wconf 87' lang='lat' dir='ltr'><strong>copia</strong></span> <span class='ocrx_word' id='word_1_33' title='bbox 1046 471 1154 523; x_wconf 82' lang='lat' dir='ltr'><strong>fuit</strong></span> <span class='ocrx_word' id='word_1_34' title='bbox 1175 471 1473 534; x_wconf 86' lang='lat' dir='ltr'><strong>hominum,</strong></span> <span class='ocrx_word' id='word_1_35' title='bbox 1506 474 1602 540; x_wconf 89' lang='lat' dir='ltr'><strong>qui</strong></span> <span class='ocrx_word' id='word_1_36' title='bbox 1618 481 1674 523; x_wconf 89' lang='lat' dir='ltr'><strong>te</strong></span> <span class='ocrx_word' id='word_1_37' title='bbox 1696 473 1853 523; x_wconf 79' lang='lat' dir='ltr'><strong>fami-</strong></span> 
     </span>
     <span class='ocr_line' id='line_1_6' title="bbox 252 539 1855 607; baseline -0.002 -15"><span class='ocrx_word' id='word_1_38' title='bbox 252 541 448 592; x_wconf 82' lang='lat' dir='ltr'><strong>lianus</strong></span> <span class='ocrx_word' id='word_1_39' title='bbox 470 546 716 602; x_wconf 78' lang='lat' dir='ltr'>nossent,</span> <span class='ocrx_word' id='word_1_40' title='bbox 750 539 1082 607; x_wconf 78' lang='lat' dir='ltr'><strong>quaerebam</strong></span> <span class='ocrx_word' id='word_1_41' title='bbox 1104 539 1357 590; x_wconf 72' lang='lat' dir='ltr'>studiose</span> <span class='ocrx_word' id='word_1_42' title='bbox 1378 541 1446 590; x_wconf 89' lang='lat' dir='ltr'><strong>de</strong></span> <span class='ocrx_word' id='word_1_43' title='bbox 1487 547 1564 602; x_wconf 84' lang='lat' dir='ltr'><strong>te,</strong></span> <span class='ocrx_word' id='word_1_44' title='bbox 1599 539 1668 590; x_wconf 90' lang='lat' dir='ltr'><strong>de</strong></span> <span class='ocrx_word' id='word_1_45' title='bbox 1688 540 1855 590; x_wconf 85' lang='lat' dir='ltr'><strong>mori-</strong></span> 
     </span>
     <span class='ocr_line' id='line_1_7' title="bbox 248 603 1916 672; baseline -0.002 -13"><span class='ocrx_word' id='word_1_46' title='bbox 248 608 356 659; x_wconf 88' lang='lat' dir='ltr'><strong>bus</strong></span> <span class='ocrx_word' id='word_1_47' title='bbox 380 608 511 668; x_wconf 88' lang='lat' dir='ltr'><strong>tuis,</strong></span> <span class='ocrx_word' id='word_1_48' title='bbox 534 609 699 672; x_wconf 86' lang='lat' dir='ltr'><strong>(quos</strong></span> <span class='ocrx_word' id='word_1_49' title='bbox 735 613 920 656; x_wconf 83' lang='lat' dir='ltr'><strong>tamen</strong></span> <span class='ocrx_word' id='word_1_50' title='bbox 957 603 1256 656; x_wconf 84' lang='lat' dir='ltr'><strong>satismihi</strong></span> <span class='ocrx_word' id='word_1_51' title='bbox 1288 606 1526 657; x_wconf 68' lang='lat' dir='ltr'><strong>videbar</strong></span> <span class='ocrx_word' id='word_1_52' title='bbox 1563 621 1594 656; x_wconf 89' lang='lat' dir='ltr'><strong>e</strong></span> <span class='ocrx_word' id='word_1_53' title='bbox 1629 606 1854 670; x_wconf 84' lang='lat' dir='ltr'><strong>scriptis</strong></span> <span class='ocrx_word' id='word_1_54' title='bbox 1907 611 1916 622; x_wconf 72' lang='lat'><em>⁶</em></span> 
     </span>
     <span class='ocr_line' id='line_1_8' title="bbox 253 671 1853 758; baseline -0.002 -34"><span class='ocrx_word' id='word_1_55' title='bbox 253 674 366 724; x_wconf 89' lang='lat' dir='ltr'><strong>tuis</strong></span> <span class='ocrx_word' id='word_1_56' title='bbox 389 671 592 722; x_wconf 84' lang='lat' dir='ltr'><strong>habere</strong></span> <span class='ocrx_word' id='word_1_57' title='bbox 613 675 979 758; x_wconf 41' lang='lat' dir='ltr'><strong>perspectosf)</strong></span> <span class='ocrx_word' id='word_1_58' title='bbox 1020 671 1089 722; x_wconf 85' lang='lat' dir='ltr'><strong>de</strong></span> <span class='ocrx_word' id='word_1_59' title='bbox 1108 678 1210 722; x_wconf 80' lang='lat' dir='ltr'><strong>tua</strong></span> <span class='ocrx_word' id='word_1_60' title='bbox 1244 671 1579 733; x_wconf 75' lang='lat' dir='ltr'><strong>valetudine,</strong></span> <span class='ocrx_word' id='word_1_61' title='bbox 1620 671 1690 722; x_wconf 89' lang='lat' dir='ltr'><strong>de</strong></span> <span class='ocrx_word' id='word_1_62' title='bbox 1727 676 1853 722; x_wconf 87' lang='lat' dir='ltr'><strong>toto</strong></span> 
     </span>
     <span class='ocr_line' id='line_1_9' title="bbox 254 738 1855 805; baseline -0.001 -16"><span class='ocrx_word' id='word_1_63' title='bbox 254 738 494 805; x_wconf 84' lang='lat' dir='ltr'><strong>denique</strong></span> <span class='ocrx_word' id='word_1_64' title='bbox 518 753 701 804; x_wconf 79' lang='lat' dir='ltr'><strong>rerum</strong></span> <span class='ocrx_word' id='word_1_65' title='bbox 722 745 937 789; x_wconf 86' lang='lat' dir='ltr'><strong>tuarum</strong></span> <span class='ocrx_word' id='word_1_66' title='bbox 968 745 1140 789; x_wconf 69' lang='lat' dir='ltr'><strong>statut</strong></span> <span class='ocrx_word' id='word_1_67' title='bbox 1179 743 1243 788; x_wconf 92' lang='lat' dir='ltr'><strong>ut</strong></span> <span class='ocrx_word' id='word_1_68' title='bbox 1261 753 1453 789; x_wconf 87' lang='lat' dir='ltr'><strong>omnes</strong></span> <span class='ocrx_word' id='word_1_69' title='bbox 1476 738 1643 790; x_wconf 86' lang='lat' dir='ltr'><strong>facile</strong></span> <span class='ocrx_word' id='word_1_70' title='bbox 1665 751 1855 788; x_wconf 88' lang='lat' dir='ltr'><strong>cerne·</strong></span> 
     </span>
     <span class='ocr_line' id='line_1_10' title="bbox 251 803 1854 871; baseline -0.001 -16"><span class='ocrx_word' id='word_1_71' title='bbox 251 811 381 858; x_wconf 84' lang='lat' dir='ltr'><strong>rent</strong></span> <span class='ocrx_word' id='word_1_72' title='bbox 432 805 791 871; x_wconf 79' lang='lat' dir='ltr'><strong>cupiditatem</strong></span> <span class='ocrx_word' id='word_1_73' title='bbox 848 803 1273 856; x_wconf 72' lang='lat' dir='ltr'><strong>constituendae</strong></span> <span class='ocrx_word' id='word_1_74' title='bbox 1334 812 1518 856; x_wconf 87' lang='lat' dir='ltr'><strong>tecum</strong></span> <span class='ocrx_word' id='word_1_75' title='bbox 1573 804 1854 856; x_wconf 76' lang='lat' dir='ltr'><strong>amicitiae</strong></span> 
     </span>
     <span class='ocr_line' id='line_1_11' title="bbox 250 870 1853 936; baseline -0.001 -14"><span class='ocrx_word' id='word_1_76' title='bbox 250 885 449 923; x_wconf 86' lang='lat' dir='ltr'><strong>meam.</strong></span> <span class='ocrx_word' id='word_1_77' title='bbox 486 870 644 922; x_wconf 85' lang='lat' dir='ltr'><strong>Nunc</strong></span> <span class='ocrx_word' id='word_1_78' title='bbox 667 878 723 921; x_wconf 88' lang='lat' dir='ltr'><strong>te</strong></span> <span class='ocrx_word' id='word_1_79' title='bbox 744 885 965 936; x_wconf 89' lang='lat' dir='ltr'><strong>quoque</strong></span> <span class='ocrx_word' id='word_1_80' title='bbox 988 884 1124 936; x_wconf 84' lang='lat' dir='ltr'><strong>erga</strong></span> <span class='ocrx_word' id='word_1_81' title='bbox 1144 885 1231 921; x_wconf 88' lang='lat' dir='ltr'><strong>me</strong></span> <span class='ocrx_word' id='word_1_82' title='bbox 1253 871 1449 922; x_wconf 80' lang='lat' dir='ltr'><strong>eodein</strong></span> <span class='ocrx_word' id='word_1_83' title='bbox 1469 872 1652 922; x_wconf 86' lang='lat' dir='ltr'><strong>animo</strong></span> <span class='ocrx_word' id='word_1_84' title='bbox 1677 870 1853 922; x_wconf 79' lang='lat' dir='ltr'><strong>fuisse</strong></span> 
     </span>
     <span class='ocr_line' id='line_1_12' title="bbox 248 935 1854 1005; baseline -0.001 -17"><span class='ocrx_word' id='word_1_85' title='bbox 248 937 441 988; x_wconf 79' lang='lat' dir='ltr'><strong>video:</strong></span> <span class='ocrx_word' id='word_1_86' title='bbox 482 951 661 1003; x_wconf 89' lang='lat' dir='ltr'><strong>neque</strong></span> <span class='ocrx_word' id='word_1_87' title='bbox 682 937 977 1005; x_wconf 84' lang='lat' dir='ltr'><strong>quidquam</strong></span> <span class='ocrx_word' id='word_1_88' title='bbox 998 952 1032 987; x_wconf 95' lang='lat' dir='ltr'><strong>a</strong></span> <span class='ocrx_word' id='word_1_89' title='bbox 1052 935 1398 1002; x_wconf 80' lang='lat' dir='ltr'><strong>perfectione</strong></span> <span class='ocrx_word' id='word_1_90' title='bbox 1438 938 1715 988; x_wconf 80' lang='lat' dir='ltr'><strong>amicitiae</strong></span> <span class='ocrx_word' id='word_1_91' title='bbox 1755 951 1854 986; x_wconf 85' lang='lat' dir='ltr'><strong>no·</strong></span> 
     </span>
     <span class='ocr_line' id='line_1_13' title="bbox 250 1003 1854 1082; baseline -0.002 -27"><span class='ocrx_word' id='word_1_92' title='bbox 250 1009 402 1055; x_wconf 83' lang='lat' dir='ltr'><strong>strae</strong></span> <span class='ocrx_word' id='word_1_93' title='bbox 424 1003 573 1054; x_wconf 84' lang='lat' dir='ltr'><strong>aliud</strong></span> <span class='ocrx_word' id='word_1_94' title='bbox 594 1004 806 1064; x_wconf 80' lang='lat' dir='ltr'><strong>aberat,</strong></span> <span class='ocrx_word' id='word_1_95' title='bbox 840 1017 1002 1070; x_wconf 77' lang='lat' dir='ltr'><strong>quam</strong></span> <span class='ocrx_word' id='word_1_96' title='bbox 1023 1010 1086 1053; x_wconf 85' lang='lat' dir='ltr'><strong>ut</strong></span> <span class='ocrx_word' id='word_1_97' title='bbox 1111 1012 1346 1068; x_wconf 86' lang='lat' dir='ltr'><strong>uterque</strong></span> <span class='ocrx_word' id='word_1_98' title='bbox 1367 1010 1700 1082; x_wconf 71' lang='lat' dir='ltr'><strong>agnosceret</strong></span> <span class='ocrx_word' id='word_1_99' title='bbox 1718 1003 1854 1053; x_wconf 88' lang='lat' dir='ltr'><strong>alte·</strong></span> 
     </span>
     <span class='ocr_line' id='line_1_14' title="bbox 248 1065 1856 1136; baseline -0.004 -15"><span class='ocrx_word' id='word_1_100' title='bbox 248 1071 369 1121; x_wconf 84' lang='lat' dir='ltr'><strong>rius</strong></span> <span class='ocrx_word' id='word_1_101' title='bbox 391 1084 527 1136; x_wconf 84' lang='lat' dir='ltr'><strong>erga</strong></span> <span class='ocrx_word' id='word_1_102' title='bbox 548 1084 611 1121; x_wconf 89' lang='lat' dir='ltr'><strong>se</strong></span> <span class='ocrx_word' id='word_1_103' title='bbox 636 1070 993 1121; x_wconf 80' lang='lat' dir='ltr'><strong>voluntatem.</strong></span> <span class='ocrx_word' id='word_1_104' title='bbox 1062 1067 1313 1119; x_wconf 81' lang='lat' dir='ltr'><strong>Antehac</strong></span> <span class='ocrx_word' id='word_1_105' title='bbox 1342 1083 1487 1120; x_wconf 77' lang='lat' dir='ltr'><strong>emm</strong></span> <span class='ocrx_word' id='word_1_106' title='bbox 1524 1075 1647 1120; x_wconf 83' lang='lat' dir='ltr'><strong>erat</strong></span> <span class='ocrx_word' id='word_1_107' title='bbox 1680 1065 1856 1117; x_wconf 71' lang='grc' dir='ltr'><strong><em>εὔνοια</em></strong></span> 
     </span>
     <span class='ocr_line' id='line_1_15' title="bbox 248 1132 1855 1202; baseline 0 -18"><span class='ocrx_word' id='word_1_108' title='bbox 248 1138 362 1201; x_wconf 72' lang='grc' dir='ltr'><strong>μὲν,</strong></span> <span class='ocrx_word' id='word_1_109' title='bbox 376 1132 713 1184; x_wconf 73' lang='grc' dir='ltr'><strong><em>λανθάνουσα</em></strong></span> <span class='ocrx_word' id='word_1_110' title='bbox 734 1135 809 1186; x_wconf 73' lang='grc' dir='ltr'><strong>δέ.</strong></span> <span class='ocrx_word' id='word_1_111' title='bbox 852 1133 1009 1195; x_wconf 75' lang='lat' dir='ltr'><strong>Quae</strong></span> <span class='ocrx_word' id='word_1_112' title='bbox 1040 1149 1164 1185; x_wconf 84' lang='lat' dir='ltr'><strong>cum</strong></span> <span class='ocrx_word' id='word_1_113' title='bbox 1177 1150 1238 1185; x_wconf 87' lang='lat' dir='ltr'><strong>se</strong></span> <span class='ocrx_word' id='word_1_114' title='bbox 1257 1135 1483 1186; x_wconf 85' lang='lat' dir='ltr'><strong>tandem</strong></span> <span class='ocrx_word' id='word_1_115' title='bbox 1503 1134 1855 1202; x_wconf 81' lang='lat' dir='ltr'><strong>patefecerit,</strong></span> 
     </span>
     <span class='ocr_line' id='line_1_16' title="bbox 250 1201 1854 1268; baseline -0.002 -15"><span class='ocrx_word' id='word_1_116' title='bbox 250 1201 435 1254; x_wconf 85' lang='lat' dir='ltr'><strong>serius</strong></span> <span class='ocrx_word' id='word_1_117' title='bbox 458 1201 697 1267; x_wconf 87' lang='lat' dir='ltr'><strong>quidem,</strong></span> <span class='ocrx_word' id='word_1_118' title='bbox 738 1216 899 1268; x_wconf 87' lang='lat' dir='ltr'><strong>quam</strong></span> <span class='ocrx_word' id='word_1_119' title='bbox 917 1214 1018 1266; x_wconf 85' lang='lat' dir='ltr'><strong>par</strong></span> <span class='ocrx_word' id='word_1_120' title='bbox 1038 1207 1162 1250; x_wconf 86' lang='lat' dir='ltr'><strong>erat</strong></span> <span class='ocrx_word' id='word_1_121' title='bbox 1180 1208 1239 1251; x_wconf 87' lang='lat' dir='ltr'><strong>et</strong></span> <span class='ocrx_word' id='word_1_122' title='bbox 1257 1215 1420 1267; x_wconf 89' lang='lat' dir='ltr'><strong>quam</strong></span> <span class='ocrx_word' id='word_1_123' title='bbox 1441 1216 1548 1268; x_wconf 82' lang='lat' dir='ltr'><strong>ego</strong></span> <span class='ocrx_word' id='word_1_124' title='bbox 1571 1215 1854 1268; x_wconf 78' lang='lat' dir='ltr'><strong>cuperem3</strong></span> 
     </span>
     <span class='ocr_line' id='line_1_17' title="bbox 289 1267 1856 1333; baseline -0.001 -14"><span class='ocrx_word' id='word_1_125' title='bbox 289 1281 464 1319; x_wconf 86' lang='lat' dir='ltr'><strong>uaeso</strong></span> <span class='ocrx_word' id='word_1_126' title='bbox 486 1274 561 1328; x_wconf 85' lang='lat' dir='ltr'><strong>te,</strong></span> <span class='ocrx_word' id='word_1_127' title='bbox 580 1268 657 1318; x_wconf 87' lang='lat' dir='ltr'><strong>mi</strong></span> <span class='ocrx_word' id='word_1_128' title='bbox 675 1268 941 1329; x_wconf 77' lang='lat' dir='ltr'><strong>Cori-ade,</strong></span> <span class='ocrx_word' id='word_1_129' title='bbox 963 1268 1044 1318; x_wconf 85' lang='lat' dir='ltr'><strong>itu</strong></span> <span class='ocrx_word' id='word_1_130' title='bbox 1063 1267 1211 1317; x_wconf 87' lang='lat' dir='ltr'><strong>enim</strong></span> <span class='ocrx_word' id='word_1_131' title='bbox 1253 1282 1454 1318; x_wconf 81' lang='lat' dir='ltr'><strong>vocare</strong></span> <span class='ocrx_word' id='word_1_132' title='bbox 1489 1274 1546 1318; x_wconf 87' lang='lat' dir='ltr'><strong>te</strong></span> <span class='ocrx_word' id='word_1_133' title='bbox 1585 1282 1755 1333; x_wconf 88' lang='lat' dir='ltr'><strong>posse</strong></span> <span class='ocrx_word' id='word_1_134' title='bbox 1775 1268 1856 1318; x_wconf 82' lang='lat' dir='ltr'><strong>vi·</strong></span> 
     </span>
     <span class='ocr_line' id='line_1_18' title="bbox 250 1284 1879 1402; baseline 0 -17"><span class='ocrx_word' id='word_1_135' title='bbox 250 1284 415 1396; x_wconf 59' lang='lat' dir='ltr'><strong>geor,</strong></span> <span class='ocrx_word' id='word_1_136' title='bbox 453 1349 681 1400; x_wconf 81' lang='lat' dir='ltr'><strong>quaeso,</strong></span> <span class='ocrx_word' id='word_1_137' title='bbox 704 1335 945 1402; x_wconf 85' lang='lat' dir='ltr'><strong>inquam,</strong></span> <span class='ocrx_word' id='word_1_138' title='bbox 988 1340 1065 1395; x_wconf 88' lang='lat' dir='ltr'><strong>te,</strong></span> <span class='ocrx_word' id='word_1_139' title='bbox 1108 1333 1304 1384; x_wconf 83' lang='lat' dir='ltr'><strong>demus</strong></span> <span class='ocrx_word' id='word_1_140' title='bbox 1344 1348 1588 1400; x_wconf 82' lang='lat' dir='ltr'><strong>operam,</strong></span> <span class='ocrx_word' id='word_1_141' title='bbox 1629 1339 1694 1385; x_wconf 86' lang='lat' dir='ltr'><strong>ut</strong></span> <span class='ocrx_word' id='word_1_142' title='bbox 1733 1339 1879 1386; x_wconf 63' lang='lat' dir='ltr'><strong>eam·</strong></span> 
     </span>
     <span class='ocr_line' id='line_1_19' title="bbox 248 1401 1854 1468; baseline 0 -17"><span class='ocrx_word' id='word_1_143' title='bbox 248 1417 353 1468; x_wconf 84' lang='lat' dir='ltr'><strong>pro</strong></span> <span class='ocrx_word' id='word_1_144' title='bbox 380 1416 480 1451; x_wconf 88' lang='lat' dir='ltr'><strong>sua</strong></span> <span class='ocrx_word' id='word_1_145' title='bbox 499 1407 735 1467; x_wconf 82' lang='lat' dir='ltr'><strong>uterque</strong></span> <span class='ocrx_word' id='word_1_146' title='bbox 812 1407 931 1452; x_wconf 83' lang='lat' dir='ltr'><strong>arte</strong></span> <span class='ocrx_word' id='word_1_147' title='bbox 963 1401 1111 1451; x_wconf 85' lang='lat' dir='ltr'><strong>omni</strong></span> <span class='ocrx_word' id='word_1_148' title='bbox 1135 1401 1444 1451; x_wconf 82' lang='lat' dir='ltr'><strong>officiorum</strong></span> <span class='ocrx_word' id='word_1_149' title='bbox 1463 1414 1669 1467; x_wconf 80' lang='lat' dir='ltr'><strong>genere</strong></span> <span class='ocrx_word' id='word_1_150' title='bbox 1692 1415 1854 1468; x_wconf 86' lang='lat' dir='ltr'><strong>quam</strong></span> 
     </span>
     <span class='ocr_line' id='line_1_20' title="bbox 252 1467 1855 1535; baseline 0 -16"><span class='ocrx_word' id='word_1_151' title='bbox 252 1467 681 1533; x_wconf 77' lang='lat' dir='ltr'><strong>diligentissime</strong></span> <span class='ocrx_word' id='word_1_152' title='bbox 703 1482 771 1519; x_wconf 89' lang='lat' dir='ltr'><strong>co</strong></span> <span class='ocrx_word' id='word_1_153' title='bbox 798 1481 969 1519; x_wconf 85' lang='lat' dir='ltr'><strong>amus.</strong></span> <span class='ocrx_word' id='word_1_154' title='bbox 1040 1467 1184 1534; x_wconf 84' lang='lat' dir='ltr'><strong>Ego,</strong></span> <span class='ocrx_word' id='word_1_155' title='bbox 1261 1467 1355 1518; x_wconf 89' lang='lat' dir='ltr'><strong>uid</strong></span> <span class='ocrx_word' id='word_1_156' title='bbox 1385 1483 1418 1518; x_wconf 87' lang='lat' dir='ltr'><strong>a</strong></span> <span class='ocrx_word' id='word_1_157' title='bbox 1455 1482 1540 1519; x_wconf 88' lang='lat' dir='ltr'><strong>me</strong></span> <span class='ocrx_word' id='word_1_158' title='bbox 1569 1468 1676 1520; x_wconf 88' lang='lat' dir='ltr'><strong>tibi</strong></span> <span class='ocrx_word' id='word_1_159' title='bbox 1697 1481 1855 1535; x_wconf 82' lang='lat' dir='ltr'><strong>prae·</strong></span> 
     </span>
     <span class='ocr_line' id='line_1_21' title="bbox 252 1534 1856 1600; baseline -0.001 -13"><span class='ocrx_word' id='word_1_160' title='bbox 252 1535 393 1587; x_wconf 82' lang='lat' dir='ltr'><strong>stari</strong></span> <span class='ocrx_word' id='word_1_161' title='bbox 413 1536 611 1600; x_wconf 79' lang='lat' dir='ltr'><strong>possit,</strong></span> <span class='ocrx_word' id='word_1_162' title='bbox 634 1535 875 1586; x_wconf 86' lang='lat' dir='ltr'><strong>nondum</strong></span> <span class='ocrx_word' id='word_1_163' title='bbox 897 1534 1087 1585; x_wconf 79' lang='lat' dir='ltr'><strong>video:</strong></span> <span class='ocrx_word' id='word_1_164' title='bbox 1125 1534 1230 1584; x_wconf 87' lang='lat' dir='ltr'><strong>illu</strong></span> <span class='ocrx_word' id='word_1_165' title='bbox 1309 1534 1530 1600; x_wconf 87' lang='lat' dir='ltr'><strong>quidem</strong></span> <span class='ocrx_word' id='word_1_166' title='bbox 1571 1536 1677 1585; x_wconf 85' lang='lat' dir='ltr'><strong>tibi</strong></span> <span class='ocrx_word' id='word_1_167' title='bbox 1707 1534 1856 1585; x_wconf 89' lang='lat' dir='ltr'><strong>omni</strong></span> 
     </span>
     <span class='ocr_line' id='line_1_22' title="bbox 251 1599 1857 1666; baseline -0.002 -13"><span class='ocrx_word' id='word_1_168' title='bbox 251 1605 671 1653; x_wconf 70' lang='lat' dir='ltr'><strong>asseveratione</strong></span> <span class='ocrx_word' id='word_1_169' title='bbox 702 1601 990 1661; x_wconf 77' lang='lat' dir='ltr'><strong>confimo,</strong></span> <span class='ocrx_word' id='word_1_170' title='bbox 1012 1599 1216 1666; x_wconf 84' lang='lat' dir='ltr'><strong>siquid</strong></span> <span class='ocrx_word' id='word_1_171' title='bbox 1245 1600 1513 1661; x_wconf 79' lang='lat' dir='ltr'><strong>evenerit,</strong></span> <span class='ocrx_word' id='word_1_172' title='bbox 1550 1601 1608 1649; x_wconf 84' lang='lat' dir='ltr'><strong>in</strong></span> <span class='ocrx_word' id='word_1_173' title='bbox 1647 1615 1758 1666; x_wconf 90' lang='lat' dir='ltr'><strong>quo</strong></span> <span class='ocrx_word' id='word_1_174' title='bbox 1794 1607 1857 1651; x_wconf 85' lang='lat' dir='ltr'><strong>tu</strong></span> 
     </span>
     <span class='ocr_line' id='line_1_23' title="bbox 250 1663 1857 1734; baseline -0.001 -17"><span class='ocrx_word' id='word_1_175' title='bbox 250 1670 573 1734; x_wconf 80' lang='lat' dir='ltr'><strong>perspicere</strong></span> <span class='ocrx_word' id='word_1_176' title='bbox 594 1666 835 1717; x_wconf 87' lang='lat' dir='ltr'><strong>studium</strong></span> <span class='ocrx_word' id='word_1_177' title='bbox 857 1680 994 1731; x_wconf 82' lang='lat' dir='ltr'><strong>erga</strong></span> <span class='ocrx_word' id='word_1_178' title='bbox 1015 1671 1070 1714; x_wconf 86' lang='lat' dir='ltr'><strong>te</strong></span> <span class='ocrx_word' id='word_1_179' title='bbox 1106 1678 1286 1713; x_wconf 71' lang='lat' dir='ltr'><strong>nieum</strong></span> <span class='ocrx_word' id='word_1_180' title='bbox 1323 1663 1491 1713; x_wconf 77' lang='lat' dir='ltr'><strong>velis:</strong></span> <span class='ocrx_word' id='word_1_181' title='bbox 1536 1671 1857 1715; x_wconf 87' lang='lat' dir='ltr'><strong>curaturum</strong></span> 
     </span>
     <span class='ocr_line' id='line_1_24' title="bbox 250 1729 1857 1797; baseline -0.004 -12"><span class='ocrx_word' id='word_1_182' title='bbox 250 1748 360 1793; x_wconf 84' lang='lat' dir='ltr'><strong>me,</strong></span> <span class='ocrx_word' id='word_1_183' title='bbox 398 1740 461 1782; x_wconf 89' lang='lat' dir='ltr'><strong>ut</strong></span> <span class='ocrx_word' id='word_1_184' title='bbox 478 1747 539 1781; x_wconf 87' lang='lat' dir='ltr'><strong>re</strong></span> <span class='ocrx_word' id='word_1_185' title='bbox 561 1732 682 1797; x_wconf 85' lang='lat' dir='ltr'><strong>ipsu</strong></span> <span class='ocrx_word' id='word_1_186' title='bbox 710 1729 1013 1796; x_wconf 80' lang='lat' dir='ltr'><strong>intelligas,</strong></span> <span class='ocrx_word' id='word_1_187' title='bbox 1056 1729 1334 1778; x_wconf 82' lang='lat' dir='ltr'><strong>neminem</strong></span> <span class='ocrx_word' id='word_1_188' title='bbox 1369 1729 1476 1779; x_wconf 81' lang='lat' dir='ltr'><strong>tibi</strong></span> <span class='ocrx_word' id='word_1_189' title='bbox 1510 1743 1653 1790; x_wconf 84' lang='lat' dir='ltr'><strong>esse,</strong></span> <span class='ocrx_word' id='word_1_190' title='bbox 1696 1744 1857 1796; x_wconf 82' lang='lat' dir='ltr'><strong>quam</strong></span> 
     </span>
     <span class='ocr_line' id='line_1_25' title="bbox 252 1794 1856 1864; baseline -0.003 -14"><span class='ocrx_word' id='word_1_191' title='bbox 252 1812 365 1864; x_wconf 82' lang='lat' dir='ltr'><strong>ego</strong></span> <span class='ocrx_word' id='word_1_192' title='bbox 386 1812 525 1857; x_wconf 88' lang='lat' dir='ltr'><strong>sum,</strong></span> <span class='ocrx_word' id='word_1_193' title='bbox 546 1811 675 1848; x_wconf 77' lang='lat' dir='ltr'><strong>vere</strong></span> <span class='ocrx_word' id='word_1_194' title='bbox 695 1804 752 1846; x_wconf 84' lang='lat' dir='ltr'><strong>at</strong></span> <span class='ocrx_word' id='word_1_195' title='bbox 792 1810 861 1846; x_wconf 91' lang='lat' dir='ltr'><strong>ue</strong></span> <span class='ocrx_word' id='word_1_196' title='bbox 882 1810 953 1846; x_wconf 80' lang='lat' dir='ltr'><strong>ex</strong></span> <span class='ocrx_word' id='word_1_197' title='bbox 972 1794 1155 1849; x_wconf 79' lang='lat' dir='ltr'><strong>animo</strong></span> <span class='ocrx_word' id='word_1_198' title='bbox 1179 1794 1518 1846; x_wconf 80' lang='lat' dir='ltr'><strong>amiciorem.</strong></span> <span class='ocrx_word' id='word_1_199' title='bbox 1569 1795 1727 1848; x_wconf 86' lang='lat' dir='ltr'><strong>Vale.</strong></span> <span class='ocrx_word' id='word_1_200' title='bbox 1749 1796 1856 1845; x_wconf 80' lang='lat' dir='ltr'><strong>Ro-</strong></span> 
     </span>
     <span class='ocr_line' id='line_1_26' title="bbox 250 1862 921 1916; baseline -0.006 0"><span class='ocrx_word' id='word_1_201' title='bbox 250 1878 398 1916; x_wconf 80' lang='lat' dir='ltr'><strong>mae.</strong></span> <span class='ocrx_word' id='word_1_202' title='bbox 436 1877 559 1913; x_wconf 74' lang='lat' dir='ltr'><strong>xxv.</strong></span> <span class='ocrx_word' id='word_1_203' title='bbox 596 1862 722 1913; x_wconf 84' lang='lat' dir='ltr'><strong>Kal.</strong></span> <span class='ocrx_word' id='word_1_204' title='bbox 789 1862 921 1912; x_wconf 88' lang='lat' dir='ltr'><strong>unii.</strong></span> 
     </span>
    </p>
   </div>
   <div class='ocr_carea' id='block_1_3' title="bbox 886 2018 1219 2033">
    <p class='ocr_par' dir='ltr' id='par_1_3' title="bbox 886 2018 1219 2033">
     <span class='ocr_line' id='line_1_27' title="bbox 886 2018 1219 2033; baseline 0 992"><span class='ocrx_word' id='word_1_205' title='bbox 886 2018 1219 2033; x_wconf 95' lang='lat' dir='ltr'><strong> </strong></span> 
     </span>
    </p>
   </div>
   <div class='ocr_carea' id='block_1_4' title="bbox 474 2138 1637 2197">
    <p class='ocr_par' dir='ltr' id='par_1_4' title="bbox 474 2138 1637 2197">
     <span class='ocr_line' id='line_1_28' title="bbox 474 2138 1637 2197; baseline 0 -4"><span class='ocrx_word' id='word_1_206' title='bbox 474 2140 605 2197; x_wconf 82' lang='lat' dir='ltr'><strong>XL.</strong></span> <span class='ocrx_word' id='word_1_207' title='bbox 661 2141 738 2193; x_wconf 88' lang='grc' dir='ltr'><strong>Μ.</strong></span> <span class='ocrx_word' id='word_1_208' title='bbox 774 2138 1194 2195; x_wconf 77' lang='lat' dir='ltr'>ANTONIUS</span> <span class='ocrx_word' id='word_1_209' title='bbox 1235 2142 1637 2195; x_wconf 76' lang='lat' dir='ltr'>MURETUS</span> 
     </span>
    </p>
   </div>
   <div class='ocr_carea' id='block_1_5' title="bbox 589 2236 1461 2278">
    <p class='ocr_par' dir='ltr' id='par_1_5' title="bbox 589 2236 1461 2278">
     <span class='ocr_line' id='line_1_29' title="bbox 589 2236 1461 2278; baseline 0.002 -3"><span class='ocrx_word' id='word_1_210' title='bbox 589 2270 597 2275; x_wconf 86' lang='lat'><strong>.</strong></span> <span class='ocrx_word' id='word_1_211' title='bbox 653 2236 927 2275; x_wconf 64' lang='lat' dir='ltr'><strong>&#39;tuomst</strong></span> <span class='ocrx_word' id='word_1_212' title='bbox 973 2238 1279 2278; x_wconf 59' lang='lat' dir='ltr'><strong>usurum</strong></span> <span class='ocrx_word' id='word_1_213' title='bbox 1319 2238 1461 2277; x_wconf 74' lang='lat' dir='ltr'><strong>SUO·</strong></span> 
     </span>
    </p>
   </div>
   <div class='ocr_carea' id='block_1_6' title="bbox 371 2290 1856 2385">
    <p class='ocr_par' dir='ltr' id='par_1_6' title="bbox 371 2290 1856 2385">
     <span class='ocr_line' id='line_1_30' title="bbox 371 2290 1856 2385; baseline 0.001 -11"><span class='ocrx_word' id='word_1_214' title='bbox 371 2290 472 2376; x_wconf 54' lang='lat' dir='ltr'><strong>Tisi</strong></span> <span class='ocrx_word' id='word_1_215' title='bbox 488 2338 575 2375; x_wconf 84' lang='lat' dir='ltr'><strong>me</strong></span> <span class='ocrx_word' id='word_1_216' title='bbox 599 2324 703 2374; x_wconf 85' lang='lat' dir='ltr'><strong>tibi</strong></span> <span class='ocrx_word' id='word_1_217' title='bbox 722 2325 863 2375; x_wconf 83' lang='lat' dir='ltr'><strong>hene</strong></span> <span class='ocrx_word' id='word_1_218' title='bbox 886 2330 1076 2375; x_wconf 85' lang='lat' dir='ltr'><strong>notum</strong></span> <span class='ocrx_word' id='word_1_219' title='bbox 1092 2340 1219 2376; x_wconf 86' lang='lat' dir='ltr'><strong>esse</strong></span> <span class='ocrx_word' id='word_1_220' title='bbox 1241 2324 1594 2385; x_wconf 79' lang='lat' dir='ltr'><strong>confiderem,</strong></span> <span class='ocrx_word' id='word_1_221' title='bbox 1616 2323 1856 2375; x_wconf 77' lang='lat' dir='ltr'><strong>Martiae</strong></span> 
     </span>
    </p>
   </div>
   <div class='ocr_carea' id='block_1_7' title="bbox 255 2389 1859 2727">
    <p class='ocr_par' dir='ltr' id='par_1_7' title="bbox 255 2389 1859 2727">
     <span class='ocr_line' id='line_1_31' title="bbox 260 2389 1856 2459; baseline 0 -18"><span class='ocrx_word' id='word_1_222' title='bbox 260 2394 467 2459; x_wconf 86' lang='lat' dir='ltr'><strong>optime</strong></span> <span class='ocrx_word' id='word_1_223' title='bbox 491 2397 548 2442; x_wconf 84' lang='lat' dir='ltr'><strong>et</strong></span> <span class='ocrx_word' id='word_1_224' title='bbox 579 2389 991 2451; x_wconf 85' lang='lat' dir='ltr'><strong>humanissime,</strong></span> <span class='ocrx_word' id='word_1_225' title='bbox 1028 2391 1190 2442; x_wconf 81' lang='lat' dir='ltr'><strong>valde</strong></span> <span class='ocrx_word' id='word_1_226' title='bbox 1224 2404 1476 2451; x_wconf 77' lang='lat' dir='ltr'><strong>vererer,</strong></span> <span class='ocrx_word' id='word_1_227' title='bbox 1513 2405 1584 2441; x_wconf 86' lang='lat' dir='ltr'><strong>ne</strong></span> <span class='ocrx_word' id='word_1_228' title='bbox 1617 2390 1763 2457; x_wconf 86' lang='lat' dir='ltr'><strong>apud</strong></span> <span class='ocrx_word' id='word_1_229' title='bbox 1801 2398 1856 2441; x_wconf 87' lang='lat' dir='ltr'><strong>te</strong></span> 
     </span>
     <span class='ocr_line' id='line_1_32' title="bbox 255 2456 1857 2536; baseline 0 -28"><span class='ocrx_word' id='word_1_230' title='bbox 255 2460 533 2510; x_wconf 70' lang='lat' dir='ltr'><strong>venissem</strong></span> <span class='ocrx_word' id='word_1_231' title='bbox 552 2459 611 2509; x_wconf 89' lang='lat' dir='ltr'><strong>in</strong></span> <span class='ocrx_word' id='word_1_232' title='bbox 630 2472 889 2536; x_wconf 77' lang='lat' dir='ltr'><strong>magnam</strong></span> <span class='ocrx_word' id='word_1_233' title='bbox 905 2459 1220 2523; x_wconf 81' lang='lat' dir='ltr'><strong>opinionem</strong></span> <span class='ocrx_word' id='word_1_234' title='bbox 1243 2472 1351 2509; x_wconf 87' lang='lat' dir='ltr'><strong>non</strong></span> <span class='ocrx_word' id='word_1_235' title='bbox 1373 2457 1653 2508; x_wconf 85' lang='lat' dir='ltr'><strong>tarditatis</strong></span> <span class='ocrx_word' id='word_1_236' title='bbox 1669 2456 1857 2519; x_wconf 88' lang='lat' dir='ltr'><strong>modo,</strong></span> 
     </span>
     <span class='ocr_line' id='line_1_33' title="bbox 258 2522 1858 2591; baseline 0.001 -18"><span class='ocrx_word' id='word_1_237' title='bbox 258 2537 293 2573; x_wconf 84' lang='lat' dir='ltr'><strong>a</strong></span> <span class='ocrx_word' id='word_1_238' title='bbox 312 2538 419 2590; x_wconf 88' lang='lat' dir='ltr'><strong>quo</strong></span> <span class='ocrx_word' id='word_1_239' title='bbox 440 2525 576 2575; x_wconf 82' lang='lat' dir='ltr'><strong>vitio</strong></span> <span class='ocrx_word' id='word_1_240' title='bbox 608 2539 697 2575; x_wconf 88' lang='lat' dir='ltr'><strong>me</strong></span> <span class='ocrx_word' id='word_1_241' title='bbox 720 2522 998 2575; x_wconf 75' lang='lat' dir='ltr'><strong>interdum</strong></span> <span class='ocrx_word' id='word_1_242' title='bbox 1027 2539 1135 2574; x_wconf 88' lang='lat' dir='ltr'><strong>non</strong></span> <span class='ocrx_word' id='word_1_243' title='bbox 1176 2524 1504 2591; x_wconf 85' lang='lat' dir='ltr'><strong>longissime</strong></span> <span class='ocrx_word' id='word_1_244' title='bbox 1542 2523 1738 2575; x_wconf 84' lang='lat' dir='ltr'><strong>abesse</strong></span> <span class='ocrx_word' id='word_1_245' title='bbox 1779 2524 1858 2574; x_wconf 77' lang='lat' dir='ltr'><strong>fa·</strong></span> 
     </span>
     <span class='ocr_line' id='line_1_34' title="bbox 256 2589 1858 2657; baseline 0.001 -17"><span class='ocrx_word' id='word_1_246' title='bbox 256 2596 402 2653; x_wconf 85' lang='lat' dir='ltr'><strong>teor,</strong></span> <span class='ocrx_word' id='word_1_247' title='bbox 438 2590 539 2642; x_wconf 86' lang='lat' dir='ltr'><strong>sed</strong></span> <span class='ocrx_word' id='word_1_248' title='bbox 562 2592 727 2643; x_wconf 86' lang='lat' dir='ltr'><strong>etiam</strong></span> <span class='ocrx_word' id='word_1_249' title='bbox 750 2591 892 2651; x_wconf 85' lang='lat' dir='ltr'><strong>eius,</strong></span> <span class='ocrx_word' id='word_1_250' title='bbox 931 2605 1095 2656; x_wconf 88' lang='lat' dir='ltr'><strong>aqua</strong></span> <span class='ocrx_word' id='word_1_251' title='bbox 1130 2604 1352 2657; x_wconf 83' lang='lat' dir='ltr'><strong>semper</strong></span> <span class='ocrx_word' id='word_1_252' title='bbox 1388 2589 1670 2652; x_wconf 82' lang='lat' dir='ltr'><strong>abhorrui,</strong></span> <span class='ocrx_word' id='word_1_253' title='bbox 1701 2589 1858 2641; x_wconf 83' lang='lat' dir='ltr'><strong>inhu-</strong></span> 
     </span>
     <span class='ocr_line' id='line_1_35' title="bbox 258 2657 1859 2727; baseline 0 -20"><span class='ocrx_word' id='word_1_254' title='bbox 258 2657 556 2711; x_wconf 84' lang='lat' dir='ltr'><strong>manitatis.</strong></span> <span class='ocrx_word' id='word_1_255' title='bbox 624 2657 710 2724; x_wconf 71' lang='lat' dir='ltr'><strong>Ad</strong></span> <span class='ocrx_word' id='word_1_256' title='bbox 725 2657 945 2719; x_wconf 76' lang='lat' dir='ltr'><strong>litteras</strong></span> <span class='ocrx_word' id='word_1_257' title='bbox 967 2657 1133 2723; x_wconf 85' lang='lat' dir='ltr'><strong>euim,</strong></span> <span class='ocrx_word' id='word_1_258' title='bbox 1153 2672 1291 2726; x_wconf 86' lang='lat' dir='ltr'><strong>quas</strong></span> <span class='ocrx_word' id='word_1_259' title='bbox 1311 2658 1384 2711; x_wconf 90' lang='lat' dir='ltr'><strong>ad</strong></span> <span class='ocrx_word' id='word_1_260' title='bbox 1402 2672 1489 2710; x_wconf 86' lang='lat' dir='ltr'><strong>me</strong></span> <span class='ocrx_word' id='word_1_261' title='bbox 1510 2657 1859 2727; x_wconf 83' lang='lat' dir='ltr'><strong>plenissimas</strong></span> 
     </span>
    </p>
   </div>
  </div>
 </body>
</html>
