2275 3025
376 148 477 201 306
906 150 983 200 M.
1018 150 1079 200 A.
1115 149 1434 207 MURETI

378 258 527 300 ticum
540 266 558 297 .-
597 261 659 298 ea
684 254 861 298 tamen
881 247 943 298 de
962 263 1125 299 cama
1146 249 1338 328 dignm
1361 266 1494 313 cuna,
1518 248 1610 316 qui
1626 249 1718 299 aba
1740 256 1790 300 te
1811 263 1993 312 amer,

380 315 524 382 quod
561 330 659 382 ego
702 313 760 363 in
794 321 843 364 te
870 316 1097 366 amando
1128 315 1332 368 nevntm'
1356 316 1601 368 concedo.
1633 331 1740 366 vn.
1761 314 1846 366 Id.
1870 313 1993 366 De·

378 381 568 432 eennbr.
592 394 924 434 unnxxxiv.

522 708 833 761 Lxxvn.
870 708 947 758 M.
985 707 1404 760 ANTONIUS
1439 707 1836 760 MURETUS

684 803 1111 842 nAn‘rnasnu
1147 804 1440 842 Ansmno
1479 805 1598 842 suo
1637 805 1684 842 S.

454 857 852 942 Gratissimae
888 888 1054 951 mihi,
1090 896 1155 941 ut
1180 905 1423 954 semper,
1454 890 1677 941 litterae
1703 896 1850 940 tuae.
1924 888 1987 939 ln

384 952 582 1023 quibus
620 956 727 1007 hoc
756 972 789 1006 a
818 962 873 1006 te
894 965 1047 1006 seria
1084 955 1354 1021 scriptum
1389 971 1498 1006 non
1538 963 1703 1022 puto,
1743 955 1986 1005 veritum

384 1022 789 1088 quodammodo
830 1037 953 1072 esse
975 1029 1057 1084 te,
1086 1037 1158 1072 ne
1185 1037 1381 1073 nomen
1416 1029 1568 1073 tuum
1589 1022 1722 1072 mihi
1745 1021 1985 1071 excidis·

383 1094 486 1140 set.
559 1090 835 1155 Scriptum
856 1091 1002 1139 enim
1036 1088 1173 1138 mihi
1201 1089 1257 1138 in
1286 1089 1468 1138 animo
1493 1095 1580 1138 est
1599 1090 1709 1150 ita,
1741 1095 1806 1137 ut
1830 1087 1986 1137 nulla

382 1155 789 1222 longinquitate
822 1156 1089 1219 temporis
1121 1153 1297 1205 deleri
1320 1160 1507 1219 queat:
1544 1162 1602 1206 et
1626 1155 1686 1206 id
1719 1155 1827 1218 ipsi
1887 1169 1982 1202 uo-

384 1236 490 1286 que
528 1221 629 1272 tibi
668 1228 858 1285 notum
898 1235 1025 1270 esse
1062 1221 1339 1271 existimo·
1413 1220 1472 1271 Si
1512 1221 1642 1286 quid
1683 1220 1815 1270 olim
1874 1219 1984 1279 eci,

384 1287 533 1354 quod
554 1285 720 1337 hodie
744 1287 881 1336 utile
903 1286 1013 1342 tibi,
1028 1301 1153 1336 esse
1175 1289 1403 1347 sentias,
1426 1287 1672 1352 gaudem
1707 1291 1782 1346 et,
1803 1286 1854 1335 si
1875 1299 1986 1350 qua

384 1367 444 1402 se
468 1349 671 1402 offeret
692 1354 935 1411 occasio,
958 1365 1176 1416 semper
1207 1353 1582 1416 promtissimo
1629 1353 1812 1402 animo
1858 1365 1984 1415 pro·

383 1417 609 1478 curab0‚
650 1417 913 1483 quidquid
936 1417 993 1466 in
1010 1431 1126 1467 rem
1150 1424 1298 1467 tuam
1330 1433 1456 1468 esse
1477 1418 1806 1470 arbitrabor.
1876 1415 1984 1466 Ne-

384 1498 489 1550 que
510 1489 613 1545 est,
658 1483 807 1550 quod
828 1482 897 1533 de
923 1497 1011 1534 me
1055 1483 1458 1536 remunerando
1496 1487 1733 1552 cogites.
1802 1483 1845 1534 A
1867 1483 1983 1549 qui-

381 1551 485 1601 bus
505 1565 593 1601 me
618 1550 789 1601 amari
811 1549 1013 1611 sentio,
1053 1549 1121 1600 ab
1162 1550 1234 1601 iis
1270 1552 1548 1601 cumulate
1586 1550 1721 1601 mihi
1761 1547 1982 1600 satisfa-

386 1624 533 1669 ctum
552 1622 707 1683 puto.
780 1618 868 1667 Tu
884 1616 1052 1667 modo
1083 1622 1308 1683 praesta
1326 1623 1382 1667 te
1403 1632 1546 1679 eum,
1585 1632 1746 1683 quem
1767 1629 1984 1680 semper

384 1684 745 1751 praestitisti,
782 1689 841 1734 et
868 1698 1039 1750 perge
1062 1697 1248 1734 amare
1271 1698 1366 1733 eas
1387 1690 1556 1745 artes,
1586 1684 1782 1749 quibus
1801 1682 1982 1732 teiam

385 1752 597 1818 pridem
642 1751 885 1801 deditum
928 1765 1053 1801 esse
1091 1752 1348 1817 cognovi.
1419 1750 1682 1816 Magnum
1721 1746 1855 1798 mihi
1885 1747 1981 1797 ali·

386 1819 518 1883 quid
552 1818 619 1868 de
654 1824 709 1868 te
735 1830 952 1882 semper
982 1823 1219 1931 auffrat
1235 1817 1303 1876 ⁴).
1375 1814 1590 1867 Seneca
1619 1829 1772 1865 meus
1798 1812 1981 1880 prodi-

285 1910 295 1914 -
384 1883 485 1945 bit,
508 1888 569 1933 ut
588 1897 770 1946 spero,
805 1882 1031 1931 circiter
1112 1882 1291 1935 alend.
1325 1881 1459 1931 Mai.
1481 1880 1781 1946 prodibunt
1799 1886 1855 1929 et
1874 1880 1983 1930 alia

388 1949 658 2013 quaedam
679 1961 804 1996 mea
826 1952 883 1995 et
901 1948 1047 1997 inter
1070 1954 1260 1998 cetera
1279 1948 1577 2013 epistolae:
1600 1962 1736 2013 quas
1760 1951 1857 1996 aut
1875 1960 1908 1994 a
1925 1952 1980 1995 te

388 2020 483 2065 aut
504 2027 538 2062 a
559 2026 831 2078 quoquam
854 2011 965 2061 alio
990 2016 1174 2080 expeti
1195 2014 1383 2065 miror.
1452 2012 1646 2078 Neque
1674 2012 1818 2067 enim
1839 2012 1981 2076 quis-

390 2093 549 2145 quam
580 2092 667 2135 me
696 2078 755 2131 in
789 2076 1082 2128 scribendo
1113 2079 1490 2144 negligentior
1510 2086 1612 2138 est,
1653 2085 1710 2128 et
1729 2091 1836 2156 ego
1859 2092 1980 2125 nus·

427 2160 552 2197 uam
601 2142 1005 2211 negligentior,
1064 2159 1226 2209 quam
1265 2146 1321 2193 in
1362 2145 1669 2195 scribendis
1708 2142 1978 2209 epistolis.

390 2162 502 2265 §ed
540 2210 759 2279 quando
800 2209 1000 2259 vosita
1033 2210 1218 2270 vultis,
1261 2209 1398 2261 obse
1439 2226 1538 2259 uar
1557 2211 1742 2261 studio
1774 2214 1979 2267 vestro,

391 2284 449 2329 et
468 2280 538 2329 ad
556 2278 702 2341 illas,
724 2290 865 2343 quae
884 2276 993 2325 iam
1014 2276 1198 2326 editae
1219 2283 1363 2337 sunt,
1397 2290 1427 2325 a
1453 2276 1537 2326 ias
1561 2277 1777 2338 addam,
1805 2286 1980 2339 neque

388 2345 653 2395 meliores
674 2350 770 2394 aut
788 2342 1166 2409 elegantiores
1196 2356 1374 2408 neque
1395 2342 1707 2392 accuratius
1728 2342 1977 2405 scriptas,

389 2411 445 2460 in
469 2411 668 2476 quibus
688 2424 807 2470 vos,
867 2408 941 2469 ui,
966 2409 1110 2474 quod
1135 2422 1222 2457 me
1244 2408 1458 2469 amatis,
1479 2423 1623 2467 mea,
1647 2403 1977 2457 cuicuimodi

390 2482 535 2537 sunt,
572 2476 847 2542 libenters
869 2476 1065 2541 egitis,
1103 2474 1278 2524 bonas
1311 2472 1476 2525 horas
1506 2475 1650 2525 male
1671 2470 1978 2525 collocetis.

388 2540 511 2607 Ego
532 2546 589 2591 te
611 2554 796 2589 amare
816 2555 927 2589 non
950 2540 1223 2601 desinam,
1248 2540 1357 2589 nisi
1380 2546 1461 2601 tu,
1498 2540 1593 2605 qui
1618 2552 1704 2601 es,
1743 2549 1868 2589 esse
1890 2537 1978 2587 de-

444 2638 487 2691 'J
519 2636 787 2679 Ruhnkenio
806 2636 948 2677 anim
962 2648 1021 2677 ns
1042 2637 1278 2679 excidisse
1293 2637 1488 2678 videtur.
