<?xml version="1.0" encoding="UTF-8"?>
<!DOCTYPE html PUBLIC "-//W3C//DTD XHTML 1.0 Transitional//EN"
    "http://www.w3.org/TR/xhtml1/DTD/xhtml1-transitional.dtd">
<html xmlns="http://www.w3.org/1999/xhtml" xml:lang="en" lang="en">
 <head>
  <title>
</title>
<meta http-equiv="Content-Type" content="text/html;charset=utf-8" />
  <meta name='ocr-system' content='tesseract 3.04.00' />
  <meta name='ocr-capabilities' content='ocr_page ocr_carea ocr_par ocr_line ocrx_word'/>
</head>
<body>
  <div class='ocr_page' id='page_1' title='image "./epistolae00unkngoog_0213.png"; bbox 0 0 2275 3025; ppageno 0'>
   <div class='ocr_carea' id='block_1_1' title="bbox 506 175 1941 233">
    <p class='ocr_par' dir='ltr' id='par_1_1' title="bbox 506 175 1941 233">
     <span class='ocr_line' id='line_1_1' title="bbox 506 175 1941 233; baseline 0.001 -3"><span class='ocrx_word' id='word_1_1' title='bbox 506 177 771 230; x_wconf 81' lang='lat' dir='ltr'><strong>EPIST.</strong></span> <span class='ocrx_word' id='word_1_2' title='bbox 809 175 960 227; x_wconf 81' lang='lat' dir='ltr'><strong>Lm.</strong></span> <span class='ocrx_word' id='word_1_3' title='bbox 998 176 1072 226; x_wconf 88' lang='lat'><strong>11.</strong></span> <span class='ocrx_word' id='word_1_4' title='bbox 1100 175 1225 229; x_wconf 81' lang='grc' dir='ltr'><strong>ΕΡ.</strong></span> <span class='ocrx_word' id='word_1_5' title='bbox 1261 177 1737 233; x_wconf 78' lang='lat' dir='ltr'><strong>xxul.xxlv.</strong></span> <span class='ocrx_word' id='word_1_6' title='bbox 1840 181 1941 232; x_wconf 78' lang='lat'><strong>205</strong></span> 
     </span>
    </p>
   </div>
   <div class='ocr_carea' id='block_1_2' title="bbox 336 277 1946 944">
    <p class='ocr_par' dir='ltr' id='par_1_2' title="bbox 336 277 1946 944">
     <span class='ocr_line' id='line_1_2' title="bbox 338 277 1940 346; baseline 0.002 -17"><span class='ocrx_word' id='word_1_7' title='bbox 338 279 546 330; x_wconf 85' lang='lat' dir='ltr'><strong>tionem</strong></span> <span class='ocrx_word' id='word_1_8' title='bbox 581 293 779 339; x_wconf 86' lang='lat' dir='ltr'><strong>meam,</strong></span> <span class='ocrx_word' id='word_1_9' title='bbox 822 283 879 328; x_wconf 85' lang='lat' dir='ltr'><strong>et</strong></span> <span class='ocrx_word' id='word_1_10' title='bbox 914 282 974 326; x_wconf 86' lang='lat' dir='ltr'><strong>te</strong></span> <span class='ocrx_word' id='word_1_11' title='bbox 1013 282 1197 328; x_wconf 86' lang='lat' dir='ltr'><strong>tamen</strong></span> <span class='ocrx_word' id='word_1_12' title='bbox 1225 277 1308 326; x_wconf 86' lang='lat' dir='ltr'><strong>sic</strong></span> <span class='ocrx_word' id='word_1_13' title='bbox 1336 291 1556 344; x_wconf 87' lang='lat' dir='ltr'><strong>quoque</strong></span> <span class='ocrx_word' id='word_1_14' title='bbox 1577 295 1780 346; x_wconf 84' lang='lat' dir='ltr'><strong>cupere</strong></span> <span class='ocrx_word' id='word_1_15' title='bbox 1799 297 1832 332; x_wconf 84' lang='lat' dir='ltr'><strong>a</strong></span> <span class='ocrx_word' id='word_1_16' title='bbox 1851 297 1940 332; x_wconf 87' lang='lat' dir='ltr'><strong>me</strong></span> 
     </span>
     <span class='ocr_line' id='line_1_3' title="bbox 336 342 1939 412; baseline 0.001 -16"><span class='ocrx_word' id='word_1_17' title='bbox 336 345 546 412; x_wconf 84' lang='lat' dir='ltr'><strong>aliquid</strong></span> <span class='ocrx_word' id='word_1_18' title='bbox 585 347 928 405; x_wconf 86' lang='lat' dir='ltr'><strong>litterarum,</strong></span> <span class='ocrx_word' id='word_1_19' title='bbox 980 356 1092 392; x_wconf 84' lang='lat' dir='ltr'><strong>non</strong></span> <span class='ocrx_word' id='word_1_20' title='bbox 1130 343 1300 394; x_wconf 86' lang='lat' dir='ltr'><strong>deero</strong></span> <span class='ocrx_word' id='word_1_21' title='bbox 1331 342 1434 394; x_wconf 86' lang='lat' dir='ltr'><strong>hac</strong></span> <span class='ocrx_word' id='word_1_22' title='bbox 1469 346 1527 394; x_wconf 90' lang='lat' dir='ltr'><strong>in</strong></span> <span class='ocrx_word' id='word_1_23' title='bbox 1556 354 1714 410; x_wconf 83' lang='lat' dir='ltr'><strong>parte</strong></span> <span class='ocrx_word' id='word_1_24' title='bbox 1753 349 1939 399; x_wconf 83' lang='lat' dir='ltr'><strong>officio</strong></span> 
     </span>
     <span class='ocr_line' id='line_1_4' title="bbox 336 408 1939 478; baseline 0 -16"><span class='ocrx_word' id='word_1_25' title='bbox 336 426 483 462; x_wconf 82' lang='lat' dir='ltr'><strong>meo:</strong></span> <span class='ocrx_word' id='word_1_26' title='bbox 518 419 575 462; x_wconf 89' lang='lat' dir='ltr'><strong>et</strong></span> <span class='ocrx_word' id='word_1_27' title='bbox 602 411 862 478; x_wconf 87' lang='lat' dir='ltr'><strong>quoniam</strong></span> <span class='ocrx_word' id='word_1_28' title='bbox 892 408 1045 460; x_wconf 87' lang='lat' dir='ltr'><strong>aliud</strong></span> <span class='ocrx_word' id='word_1_29' title='bbox 1071 425 1216 460; x_wconf 86' lang='lat' dir='ltr'><strong>nunc</strong></span> <span class='ocrx_word' id='word_1_30' title='bbox 1239 411 1459 477; x_wconf 87' lang='lat' dir='ltr'><strong>quidem</strong></span> <span class='ocrx_word' id='word_1_31' title='bbox 1479 411 1760 464; x_wconf 81' lang='lat' dir='ltr'><strong>scrib-endi</strong></span> <span class='ocrx_word' id='word_1_32' title='bbox 1779 428 1841 463; x_wconf 85' lang='lat' dir='ltr'><strong>ar</strong></span> <span class='ocrx_word' id='word_1_33' title='bbox 1919 443 1939 455; x_wconf 90' lang='lat'><strong>·</strong></span> 
     </span>
     <span class='ocr_line' id='line_1_5' title="bbox 340 429 1944 544; baseline 0.001 -16"><span class='ocrx_word' id='word_1_34' title='bbox 340 484 583 528; x_wconf 86' lang='lat' dir='ltr'><strong>mentum</strong></span> <span class='ocrx_word' id='word_1_35' title='bbox 621 477 831 527; x_wconf 86' lang='lat' dir='ltr'><strong>nullum</strong></span> <span class='ocrx_word' id='word_1_36' title='bbox 870 481 973 537; x_wconf 90' lang='lat' dir='ltr'><strong>est,</strong></span> <span class='ocrx_word' id='word_1_37' title='bbox 1012 482 1197 542; x_wconf 87' lang='lat' dir='ltr'><strong>petam</strong></span> <span class='ocrx_word' id='word_1_38' title='bbox 1221 482 1350 539; x_wconf 84' lang='lat' dir='ltr'><strong>ate,</strong></span> <span class='ocrx_word' id='word_1_39' title='bbox 1389 484 1453 528; x_wconf 84' lang='lat' dir='ltr'><strong>ut</strong></span> <span class='ocrx_word' id='word_1_40' title='bbox 1487 477 1751 544; x_wconf 81' lang='lat' dir='ltr'><strong>ignoscas</strong></span> <span class='ocrx_word' id='word_1_41' title='bbox 1787 429 1944 542; x_wconf 57' lang='lat' dir='ltr'><strong>mffi,</strong></span> 
     </span>
     <span class='ocr_line' id='line_1_6' title="bbox 342 542 1946 612; baseline 0.001 -18"><span class='ocrx_word' id='word_1_42' title='bbox 342 545 493 611; x_wconf 90' lang='lat' dir='ltr'><strong>quod</strong></span> <span class='ocrx_word' id='word_1_43' title='bbox 524 558 735 594; x_wconf 88' lang='lat' dir='ltr'><strong>morem</strong></span> <span class='ocrx_word' id='word_1_44' title='bbox 776 555 971 610; x_wconf 79' lang='lat' dir='ltr'><strong>gerere</strong></span> <span class='ocrx_word' id='word_1_45' title='bbox 1009 542 1116 592; x_wconf 88' lang='lat' dir='ltr'><strong>tihi</strong></span> <span class='ocrx_word' id='word_1_46' title='bbox 1134 547 1432 610; x_wconf 78' lang='lat' dir='ltr'><strong>tantopere</strong></span> <span class='ocrx_word' id='word_1_47' title='bbox 1451 545 1698 609; x_wconf 85' lang='lat' dir='ltr'><strong>cupienti</strong></span> <span class='ocrx_word' id='word_1_48' title='bbox 1719 558 1830 594; x_wconf 91' lang='lat' dir='ltr'><strong>non</strong></span> <span class='ocrx_word' id='word_1_49' title='bbox 1849 560 1946 612; x_wconf 89' lang='lat' dir='ltr'><strong>po-</strong></span> 
     </span>
     <span class='ocr_line' id='line_1_7' title="bbox 337 609 1944 674; baseline 0.001 -13"><span class='ocrx_word' id='word_1_50' title='bbox 337 612 567 671; x_wconf 85' lang='lat' dir='ltr'><strong>tuerim,</strong></span> <span class='ocrx_word' id='word_1_51' title='bbox 616 615 673 660; x_wconf 85' lang='lat' dir='ltr'><strong>et</strong></span> <span class='ocrx_word' id='word_1_52' title='bbox 700 615 759 660; x_wconf 85' lang='lat' dir='ltr'><strong>ut</strong></span> <span class='ocrx_word' id='word_1_53' title='bbox 778 609 903 660; x_wconf 86' lang='lat' dir='ltr'><strong>aliis</strong></span> <span class='ocrx_word' id='word_1_54' title='bbox 922 609 1116 670; x_wconf 86' lang='lat' dir='ltr'><strong>rebus,</strong></span> <span class='ocrx_word' id='word_1_55' title='bbox 1164 625 1288 660; x_wconf 91' lang='lat' dir='ltr'><strong>cum</strong></span> <span class='ocrx_word' id='word_1_56' title='bbox 1317 610 1422 661; x_wconf 87' lang='lat' dir='ltr'><strong>tibi</strong></span> <span class='ocrx_word' id='word_1_57' title='bbox 1450 611 1799 662; x_wconf 88' lang='lat' dir='ltr'><strong>commodum</strong></span> <span class='ocrx_word' id='word_1_58' title='bbox 1821 614 1944 674; x_wconf 86' lang='lat' dir='ltr'><strong>erit,</strong></span> 
     </span>
     <span class='ocr_line' id='line_1_8' title="bbox 343 675 1944 755; baseline 0.001 -28"><span class='ocrx_word' id='word_1_59' title='bbox 343 677 652 755; x_wconf 73' lang='lat' dir='ltr'><strong>experiaris</strong></span> <span class='ocrx_word' id='word_1_60' title='bbox 690 675 1029 727; x_wconf 84' lang='lat' dir='ltr'><strong>voluntatem</strong></span> <span class='ocrx_word' id='word_1_61' title='bbox 1069 691 1208 743; x_wconf 83' lang='lat' dir='ltr'><strong>erga</strong></span> <span class='ocrx_word' id='word_1_62' title='bbox 1232 682 1288 727; x_wconf 85' lang='lat' dir='ltr'><strong>te</strong></span> <span class='ocrx_word' id='word_1_63' title='bbox 1325 691 1522 728; x_wconf 88' lang='lat' dir='ltr'><strong>meam.</strong></span> <span class='ocrx_word' id='word_1_64' title='bbox 1593 676 1734 727; x_wconf 82' lang='lat' dir='ltr'><strong>Mihi</strong></span> <span class='ocrx_word' id='word_1_65' title='bbox 1759 677 1944 739; x_wconf 87' lang='lat' dir='ltr'><strong>crede,</strong></span> 
     </span>
     <span class='ocr_line' id='line_1_9' title="bbox 344 742 1944 824; baseline 0.002 -33"><span class='ocrx_word' id='word_1_66' title='bbox 344 742 613 810; x_wconf 88' lang='lat' dir='ltr'><strong>qu1dquid</strong></span> <span class='ocrx_word' id='word_1_67' title='bbox 638 743 743 793; x_wconf 85' lang='lat' dir='ltr'><strong>tibi</strong></span> <span class='ocrx_word' id='word_1_68' title='bbox 772 758 806 793; x_wconf 87' lang='lat' dir='ltr'><strong>a</strong></span> <span class='ocrx_word' id='word_1_69' title='bbox 838 757 927 794; x_wconf 89' lang='lat' dir='ltr'><strong>me</strong></span> <span class='ocrx_word' id='word_1_70' title='bbox 952 745 1228 808; x_wconf 81' lang='lat' dir='ltr'><strong>praestari</strong></span> <span class='ocrx_word' id='word_1_71' title='bbox 1245 747 1519 810; x_wconf 85' lang='lat' dir='ltr'><strong>potuerit,</strong></span> <span class='ocrx_word' id='word_1_72' title='bbox 1553 745 1599 794; x_wconf 85' lang='lat' dir='ltr'><strong>si</strong></span> <span class='ocrx_word' id='word_1_73' title='bbox 1624 743 1758 824; x_wconf 73' lang='lat' dir='ltr'><strong>quid</strong></span> <span class='ocrx_word' id='word_1_74' title='bbox 1775 744 1944 794; x_wconf 89' lang='lat' dir='ltr'><strong>modo</strong></span> 
     </span>
     <span class='ocr_line' id='line_1_10' title="bbox 344 808 1942 926; baseline 0.001 -68"><span class='ocrx_word' id='word_1_75' title='bbox 344 825 393 926; x_wconf 53' lang='lat' dir='ltr'>K</span> <span class='ocrx_word' id='word_1_76' title='bbox 420 809 613 871; x_wconf 86' lang='lat' dir='ltr'><strong>tuerit,</strong></span> <span class='ocrx_word' id='word_1_77' title='bbox 652 823 762 860; x_wconf 89' lang='lat' dir='ltr'><strong>uno</strong></span> <span class='ocrx_word' id='word_1_78' title='bbox 798 808 1033 876; x_wconf 82' lang='lat' dir='ltr'><strong>posthac</strong></span> <span class='ocrx_word' id='word_1_79' title='bbox 1058 809 1292 860; x_wconf 77' lang='lat' dir='ltr'><strong>verbulo</strong></span> <span class='ocrx_word' id='word_1_80' title='bbox 1331 825 1710 878; x_wconf 77' lang='lat' dir='ltr'><strong>consequeris.</strong></span> <span class='ocrx_word' id='word_1_81' title='bbox 1782 809 1942 862; x_wconf 83' lang='lat' dir='ltr'><strong>Vale.</strong></span> 
     </span>
     <span class='ocr_line' id='line_1_11' title="bbox 398 875 1307 944; baseline 0.002 -17"><span class='ocrx_word' id='word_1_82' title='bbox 398 890 569 928; x_wconf 80' lang='lat' dir='ltr'><strong>omae.</strong></span> <span class='ocrx_word' id='word_1_83' title='bbox 594 875 710 927; x_wconf 86' lang='lat' dir='ltr'><strong>Cal.</strong></span> <span class='ocrx_word' id='word_1_84' title='bbox 733 877 953 944; x_wconf 82' lang='lat' dir='ltr'><strong>Aprilis.</strong></span> <span class='ocrx_word' id='word_1_85' title='bbox 978 890 1307 929; x_wconf 67' lang='lat' dir='ltr'><strong>unnxxxrv.</strong></span> 
     </span>
    </p>
   </div>
   <div class='ocr_carea' id='block_1_3' title="bbox 392 967 405 976">
    <p class='ocr_par' dir='ltr' id='par_1_3' title="bbox 392 967 405 976">
     <span class='ocr_line' id='line_1_12' title="bbox 392 967 405 976; baseline 0 0"><span class='ocrx_word' id='word_1_86' title='bbox 392 967 405 976; x_wconf 63' lang='lat' dir='ltr'><strong>s</strong></span> 
     </span>
    </p>
   </div>
   <div class='ocr_carea' id='block_1_4' title="bbox 980 1032 1306 1046">
    <p class='ocr_par' dir='ltr' id='par_1_4' title="bbox 980 1032 1306 1046">
     <span class='ocr_line' id='line_1_13' title="bbox 980 1032 1306 1046; baseline 0 1979"><span class='ocrx_word' id='word_1_87' title='bbox 980 1032 1306 1046; x_wconf 95' lang='lat' dir='ltr'><strong> </strong></span> 
     </span>
    </p>
   </div>
   <div class='ocr_carea' id='block_1_5' title="bbox 506 1151 1784 1291">
    <p class='ocr_par' dir='ltr' id='par_1_5' title="bbox 506 1151 1784 1291">
     <span class='ocr_line' id='line_1_14' title="bbox 506 1151 1784 1217; baseline 0.002 -11"><span class='ocrx_word' id='word_1_88' title='bbox 506 1153 734 1207; x_wconf 82' lang='lat' dir='ltr'><strong>XXIV.</strong></span> <span class='ocrx_word' id='word_1_89' title='bbox 772 1153 852 1204; x_wconf 83' lang='lat' dir='ltr'><strong>M.</strong></span> <span class='ocrx_word' id='word_1_90' title='bbox 888 1151 1306 1206; x_wconf 81' lang='lat' dir='ltr'>ANTONIUS</span> <span class='ocrx_word' id='word_1_91' title='bbox 1341 1154 1784 1217; x_wconf 82' lang='lat' dir='ltr'>MURETUS*)</span> 
     </span>
     <span class='ocr_line' id='line_1_15' title="bbox 636 1250 1648 1291; baseline 0.003 -4"><span class='ocrx_word' id='word_1_92' title='bbox 636 1251 693 1287; x_wconf 70' lang='lat' dir='ltr'><strong>u.</strong></span> <span class='ocrx_word' id='word_1_93' title='bbox 732 1250 1038 1288; x_wconf 52' lang='lat' dir='ltr'><strong>,AN-romu</strong></span> <span class='ocrx_word' id='word_1_94' title='bbox 1076 1250 1373 1289; x_wconf 54' lang='lat' dir='ltr'><strong>ras-rurs</strong></span> <span class='ocrx_word' id='word_1_95' title='bbox 1409 1251 1462 1290; x_wconf 53' lang='grc' dir='ltr'><strong>τι.</strong></span> <span class='ocrx_word' id='word_1_96' title='bbox 1502 1253 1549 1290; x_wconf 88' lang='lat' dir='ltr'><strong>s.</strong></span> <span class='ocrx_word' id='word_1_97' title='bbox 1587 1253 1648 1291; x_wconf 87' lang='lat' dir='ltr'><strong>n.</strong></span> 
     </span>
    </p>
   </div>
   <div class='ocr_carea' id='block_1_6' title="bbox 263 1303 1946 2722">
    <p class='ocr_par' dir='ltr' id='par_1_6' title="bbox 263 1303 1946 2533">
     <span class='ocr_line' id='line_1_16' title="bbox 411 1303 1946 1404; baseline 0.001 -15"><span class='ocrx_word' id='word_1_98' title='bbox 411 1303 659 1389; x_wconf 82' lang='lat' dir='ltr'><strong>Utinam</strong></span> <span class='ocrx_word' id='word_1_99' title='bbox 680 1335 785 1388; x_wconf 75' lang='lat' dir='ltr'><strong>tibi</strong></span> <span class='ocrx_word' id='word_1_100' title='bbox 804 1339 1079 1398; x_wconf 79' lang='lat' dir='ltr'><strong>eveniant,</strong></span> <span class='ocrx_word' id='word_1_101' title='bbox 1102 1337 1202 1399; x_wconf 82' lang='lat' dir='ltr'><strong>fili,</strong></span> <span class='ocrx_word' id='word_1_102' title='bbox 1225 1350 1367 1404; x_wconf 81' lang='lat' dir='ltr'><strong>quae</strong></span> <span class='ocrx_word' id='word_1_103' title='bbox 1382 1353 1472 1390; x_wconf 83' lang='lat' dir='ltr'><strong>me</strong></span> <span class='ocrx_word' id='word_1_104' title='bbox 1497 1338 1862 1402; x_wconf 83' lang='lat' dir='ltr'><strong>adduxerunt,</strong></span> <span class='ocrx_word' id='word_1_105' title='bbox 1883 1346 1946 1391; x_wconf 85' lang='lat' dir='ltr'><strong>ut</strong></span> 
     </span>
     <span class='ocr_line' id='line_1_17' title="bbox 341 1401 1944 1474; baseline 0.002 -21"><span class='ocrx_word' id='word_1_106' title='bbox 341 1408 399 1454; x_wconf 85' lang='lat' dir='ltr'><strong>te</strong></span> <span class='ocrx_word' id='word_1_107' title='bbox 438 1407 627 1455; x_wconf 85' lang='lat' dir='ltr'><strong>statim</strong></span> <span class='ocrx_word' id='word_1_108' title='bbox 661 1409 792 1472; x_wconf 84' lang='lat' dir='ltr'><strong>post</strong></span> <span class='ocrx_word' id='word_1_109' title='bbox 827 1404 1040 1456; x_wconf 87' lang='lat' dir='ltr'><strong>obitum</strong></span> <span class='ocrx_word' id='word_1_110' title='bbox 1066 1407 1242 1470; x_wconf 81' lang='lat' dir='ltr'><strong>patris</strong></span> <span class='ocrx_word' id='word_1_111' title='bbox 1262 1407 1371 1468; x_wconf 88' lang='lat' dir='ltr'><strong>tui,</strong></span> <span class='ocrx_word' id='word_1_112' title='bbox 1407 1405 1599 1458; x_wconf 78' lang='lat' dir='ltr'><strong>fratris</strong></span> <span class='ocrx_word' id='word_1_113' title='bbox 1618 1401 1754 1458; x_wconf 86' lang='lat' dir='ltr'><strong>mihi</strong></span> <span class='ocrx_word' id='word_1_114' title='bbox 1773 1407 1944 1474; x_wconf 85' lang='lat' dir='ltr'><strong>longe</strong></span> 
     </span>
     <span class='ocr_line' id='line_1_18' title="bbox 342 1469 1946 1539; baseline 0.002 -17"><span class='ocrx_word' id='word_1_115' title='bbox 342 1473 639 1535; x_wconf 80' lang='lat' dir='ltr'><strong>carissimi,</strong></span> <span class='ocrx_word' id='word_1_116' title='bbox 671 1471 741 1523; x_wconf 87' lang='lat' dir='ltr'><strong>ad</strong></span> <span class='ocrx_word' id='word_1_117' title='bbox 770 1485 858 1522; x_wconf 87' lang='lat' dir='ltr'><strong>me</strong></span> <span class='ocrx_word' id='word_1_118' title='bbox 893 1469 1000 1523; x_wconf 87' lang='lat' dir='ltr'><strong>huc</strong></span> <span class='ocrx_word' id='word_1_119' title='bbox 1030 1471 1234 1524; x_wconf 87' lang='lat' dir='ltr'><strong>adduci</strong></span> <span class='ocrx_word' id='word_1_120' title='bbox 1263 1476 1396 1525; x_wconf 86' lang='lat' dir='ltr'><strong>etin</strong></span> <span class='ocrx_word' id='word_1_121' title='bbox 1419 1476 1544 1531; x_wconf 84' lang='lat' dir='ltr'><strong>sinu</strong></span> <span class='ocrx_word' id='word_1_122' title='bbox 1564 1489 1629 1525; x_wconf 87' lang='lat' dir='ltr'><strong>ac</strong></span> <span class='ocrx_word' id='word_1_123' title='bbox 1650 1474 1946 1539; x_wconf 80' lang='lat' dir='ltr'><strong>complexu</strong></span> 
     </span>
     <span class='ocr_line' id='line_1_19' title="bbox 340 1538 1944 1607; baseline 0.001 -19"><span class='ocrx_word' id='word_1_124' title='bbox 340 1552 465 1589; x_wconf 89' lang='lat' dir='ltr'><strong>meo</strong></span> <span class='ocrx_word' id='word_1_125' title='bbox 492 1540 719 1591; x_wconf 84' lang='lat' dir='ltr'><strong>educari</strong></span> <span class='ocrx_word' id='word_1_126' title='bbox 734 1538 1024 1591; x_wconf 77' lang='lat' dir='ltr'><strong>voluerim.</strong></span> <span class='ocrx_word' id='word_1_127' title='bbox 1068 1538 1240 1591; x_wconf 83' lang='lat' dir='ltr'><strong>Volui</strong></span> <span class='ocrx_word' id='word_1_128' title='bbox 1261 1546 1445 1591; x_wconf 87' lang='lat' dir='ltr'><strong>autem</strong></span> <span class='ocrx_word' id='word_1_129' title='bbox 1466 1541 1606 1591; x_wconf 89' lang='lat' dir='ltr'><strong>illud</strong></span> <span class='ocrx_word' id='word_1_130' title='bbox 1624 1543 1944 1607; x_wconf 79' lang='lat' dir='ltr'><strong>praecipue,</strong></span> 
     </span>
     <span class='ocr_line' id='line_1_20' title="bbox 340 1603 1944 1672; baseline 0.001 -18"><span class='ocrx_word' id='word_1_131' title='bbox 340 1611 434 1663; x_wconf 89' lang='lat' dir='ltr'><strong>ut,</strong></span> <span class='ocrx_word' id='word_1_132' title='bbox 469 1606 689 1672; x_wconf 83' lang='lat' dir='ltr'><strong>quando</strong></span> <span class='ocrx_word' id='word_1_133' title='bbox 724 1603 1181 1655; x_wconf 86' lang='lat' dir='ltr'><strong>florentissimum</strong></span> <span class='ocrx_word' id='word_1_134' title='bbox 1200 1620 1463 1671; x_wconf 88' lang='lat' dir='ltr'><strong>regnum,</strong></span> <span class='ocrx_word' id='word_1_135' title='bbox 1497 1608 1556 1657; x_wconf 86' lang='lat' dir='ltr'><strong>in</strong></span> <span class='ocrx_word' id='word_1_136' title='bbox 1579 1620 1688 1671; x_wconf 89' lang='lat' dir='ltr'><strong>quo</strong></span> <span class='ocrx_word' id='word_1_137' title='bbox 1707 1612 1835 1655; x_wconf 88' lang='lat' dir='ltr'><strong>uter</strong></span> <span class='ocrx_word' id='word_1_138' title='bbox 1873 1620 1944 1656; x_wconf 88' lang='lat' dir='ltr'><strong>ue</strong></span> 
     </span>
     <span class='ocr_line' id='line_1_21' title="bbox 338 1670 1944 1737; baseline 0.001 -16"><span class='ocrx_word' id='word_1_139' title='bbox 338 1672 458 1721; x_wconf 82' lang='lat' dir='ltr'><strong>nati</strong></span> <span class='ocrx_word' id='word_1_140' title='bbox 485 1688 700 1732; x_wconf 86' lang='lat' dir='ltr'><strong>sumus,</strong></span> <span class='ocrx_word' id='word_1_141' title='bbox 729 1670 853 1720; x_wconf 89' lang='lat' dir='ltr'><strong>Deo</strong></span> <span class='ocrx_word' id='word_1_142' title='bbox 874 1670 1053 1721; x_wconf 85' lang='lat' dir='ltr'><strong>iustas</strong></span> <span class='ocrx_word' id='word_1_143' title='bbox 1072 1683 1285 1737; x_wconf 82' lang='lat' dir='ltr'><strong>poenas</strong></span> <span class='ocrx_word' id='word_1_144' title='bbox 1308 1684 1500 1720; x_wconf 85' lang='lat' dir='ltr'><strong>eorum</strong></span> <span class='ocrx_word' id='word_1_145' title='bbox 1517 1706 1531 1731; x_wconf 92' lang='lat'><strong>,</strong></span> <span class='ocrx_word' id='word_1_146' title='bbox 1559 1686 1701 1737; x_wconf 86' lang='lat' dir='ltr'><strong>quae</strong></span> <span class='ocrx_word' id='word_1_147' title='bbox 1729 1686 1763 1721; x_wconf 82' lang='lat' dir='ltr'><strong>a</strong></span> <span class='ocrx_word' id='word_1_148' title='bbox 1783 1687 1852 1719; x_wconf 85' lang='lat' dir='ltr'><strong>no</strong></span> <span class='ocrx_word' id='word_1_149' title='bbox 1895 1674 1944 1723; x_wconf 80' lang='lat' dir='ltr'><strong>is</strong></span> 
     </span>
     <span class='ocr_line' id='line_1_22' title="bbox 263 1734 1944 1802; baseline 0 -15"><span class='ocrx_word' id='word_1_150' title='bbox 263 1780 270 1787; x_wconf 86' lang='lat'><strong>.</strong></span> <span class='ocrx_word' id='word_1_151' title='bbox 337 1744 571 1802; x_wconf 86' lang='lat' dir='ltr'><strong>peccata</strong></span> <span class='ocrx_word' id='word_1_152' title='bbox 590 1743 746 1797; x_wconf 88' lang='lat' dir='ltr'><strong>sunt,</strong></span> <span class='ocrx_word' id='word_1_153' title='bbox 771 1738 1059 1801; x_wconf 82' lang='lat' dir='ltr'><strong>exigente,</strong></span> <span class='ocrx_word' id='word_1_154' title='bbox 1081 1738 1265 1785; x_wconf 85' lang='lat' dir='ltr'><strong>saevis</strong></span> <span class='ocrx_word' id='word_1_155' title='bbox 1282 1734 1392 1786; x_wconf 85' lang='lat' dir='ltr'><strong>iam</strong></span> <span class='ocrx_word' id='word_1_156' title='bbox 1413 1736 1627 1800; x_wconf 81' lang='lat' dir='ltr'><strong>pridem</strong></span> <span class='ocrx_word' id='word_1_157' title='bbox 1649 1742 1944 1801; x_wconf 83' lang='lat' dir='ltr'><strong>tempesta·</strong></span> 
     </span>
     <span class='ocr_line' id='line_1_23' title="bbox 338 1799 1943 1869; baseline 0.002 -18"><span class='ocrx_word' id='word_1_158' title='bbox 338 1803 488 1852; x_wconf 88' lang='lat' dir='ltr'><strong>tibus</strong></span> <span class='ocrx_word' id='word_1_159' title='bbox 512 1805 782 1869; x_wconf 78' lang='lat' dir='ltr'><strong>agitatur,</strong></span> <span class='ocrx_word' id='word_1_160' title='bbox 815 1808 875 1851; x_wconf 86' lang='lat' dir='ltr'><strong>tu</strong></span> <span class='ocrx_word' id='word_1_161' title='bbox 894 1804 953 1851; x_wconf 88' lang='lat' dir='ltr'><strong>in</strong></span> <span class='ocrx_word' id='word_1_162' title='bbox 983 1799 1127 1851; x_wconf 86' lang='lat' dir='ltr'><strong>hanc</strong></span> <span class='ocrx_word' id='word_1_163' title='bbox 1150 1800 1500 1853; x_wconf 79' lang='lat' dir='ltr'><strong>Christianae</strong></span> <span class='ocrx_word' id='word_1_164' title='bbox 1520 1803 1814 1869; x_wconf 84' lang='lat' dir='ltr'><strong>religionis</strong></span> <span class='ocrx_word' id='word_1_165' title='bbox 1834 1818 1943 1854; x_wconf 88' lang='lat' dir='ltr'><strong>me-</strong></span> 
     </span>
     <span class='ocr_line' id='line_1_24' title="bbox 335 1869 1945 1935; baseline 0.002 -16"><span class='ocrx_word' id='word_1_166' title='bbox 335 1870 602 1933; x_wconf 84' lang='lat' dir='ltr'><strong>tropolin,</strong></span> <span class='ocrx_word' id='word_1_167' title='bbox 623 1875 901 1935; x_wconf 79' lang='lat' dir='ltr'><strong>tamquam</strong></span> <span class='ocrx_word' id='word_1_168' title='bbox 929 1869 987 1917; x_wconf 86' lang='lat' dir='ltr'><strong>in</strong></span> <span class='ocrx_word' id='word_1_169' title='bbox 1014 1869 1352 1931; x_wconf 66' lang='lat' dir='ltr'><strong>tutissimum</strong></span> <span class='ocrx_word' id='word_1_170' title='bbox 1381 1875 1600 1935; x_wconf 83' lang='lat' dir='ltr'><strong>portum</strong></span> <span class='ocrx_word' id='word_1_171' title='bbox 1620 1869 1945 1935; x_wconf 84' lang='lat' dir='ltr'><strong>subductus,</strong></span> 
     </span>
     <span class='ocr_line' id='line_1_25' title="bbox 337 1932 1944 2003; baseline 0.003 -18"><span class='ocrx_word' id='word_1_172' title='bbox 337 1950 473 1985; x_wconf 75' lang='lat' dir='ltr'><strong>vera</strong></span> <span class='ocrx_word' id='word_1_173' title='bbox 502 1938 711 2003; x_wconf 82' lang='lat' dir='ltr'><strong>pietate</strong></span> <span class='ocrx_word' id='word_1_174' title='bbox 744 1932 923 1985; x_wconf 86' lang='lat' dir='ltr'><strong>adhuc</strong></span> <span class='ocrx_word' id='word_1_175' title='bbox 957 1940 1114 1984; x_wconf 88' lang='lat' dir='ltr'><strong>tener</strong></span> <span class='ocrx_word' id='word_1_176' title='bbox 1147 1934 1395 1985; x_wconf 72' lang='lat' dir='ltr'><strong>imbuere</strong></span> <span class='ocrx_word' id='word_1_177' title='bbox 1417 1942 1474 1986; x_wconf 85' lang='lat' dir='ltr'><strong>et</strong></span> <span class='ocrx_word' id='word_1_178' title='bbox 1491 1937 1562 1987; x_wconf 85' lang='lat' dir='ltr'><strong>iis</strong></span> <span class='ocrx_word' id='word_1_179' title='bbox 1589 1938 1836 1989; x_wconf 87' lang='lat' dir='ltr'><strong>moribus</strong></span> <span class='ocrx_word' id='word_1_180' title='bbox 1859 1952 1944 1990; x_wconf 84' lang='lat' dir='ltr'><strong>as-</strong></span> 
     </span>
     <span class='ocr_line' id='line_1_26' title="bbox 340 1998 1942 2072; baseline 0.002 -19"><span class='ocrx_word' id='word_1_181' title='bbox 340 2002 565 2063; x_wconf 82' lang='lat' dir='ltr'><strong>suefias,</strong></span> <span class='ocrx_word' id='word_1_182' title='bbox 605 2002 700 2067; x_wconf 90' lang='lat' dir='ltr'><strong>qui</strong></span> <span class='ocrx_word' id='word_1_183' title='bbox 734 1998 1106 2051; x_wconf 83' lang='lat' dir='ltr'><strong>Christianum</strong></span> <span class='ocrx_word' id='word_1_184' title='bbox 1146 2000 1424 2053; x_wconf 85' lang='lat' dir='ltr'><strong>hominem</strong></span> <span class='ocrx_word' id='word_1_185' title='bbox 1469 2003 1685 2055; x_wconf 84' lang='lat' dir='ltr'><strong>decent.</strong></span> <span class='ocrx_word' id='word_1_186' title='bbox 1765 2005 1942 2072; x_wconf 83' lang='lat' dir='ltr'><strong>Cupio</strong></span> 
     </span>
     <span class='ocr_line' id='line_1_27' title="bbox 340 2068 1946 2137; baseline 0.001 -17"><span class='ocrx_word' id='word_1_187' title='bbox 340 2069 597 2135; x_wconf 87' lang='lat' dir='ltr'><strong>equidem</strong></span> <span class='ocrx_word' id='word_1_188' title='bbox 630 2075 689 2119; x_wconf 77' lang='lat' dir='ltr'><strong>et</strong></span> <span class='ocrx_word' id='word_1_189' title='bbox 717 2068 829 2119; x_wconf 83' lang='lat' dir='ltr'><strong>alia</strong></span> <span class='ocrx_word' id='word_1_190' title='bbox 846 2068 950 2119; x_wconf 86' lang='lat' dir='ltr'><strong>tibi</strong></span> <span class='ocrx_word' id='word_1_191' title='bbox 971 2070 1322 2134; x_wconf 84' lang='lat' dir='ltr'><strong>contingere,</strong></span> <span class='ocrx_word' id='word_1_192' title='bbox 1367 2070 1564 2137; x_wconf 90' lang='lat' dir='ltr'><strong>quibus</strong></span> <span class='ocrx_word' id='word_1_193' title='bbox 1587 2072 1702 2121; x_wconf 80' lang='lat' dir='ltr'><strong>vita</strong></span> <span class='ocrx_word' id='word_1_194' title='bbox 1721 2076 1779 2121; x_wconf 89' lang='lat' dir='ltr'><strong>et</strong></span> <span class='ocrx_word' id='word_1_195' title='bbox 1797 2078 1946 2133; x_wconf 75' lang='lat' dir='ltr'><strong>tran·</strong></span> 
     </span>
     <span class='ocr_line' id='line_1_28' title="bbox 337 2133 1944 2203; baseline 0.001 -18"><span class='ocrx_word' id='word_1_196' title='bbox 337 2135 568 2203; x_wconf 83' lang='lat' dir='ltr'><strong>quillior</strong></span> <span class='ocrx_word' id='word_1_197' title='bbox 589 2142 645 2185; x_wconf 90' lang='lat' dir='ltr'><strong>et</strong></span> <span class='ocrx_word' id='word_1_198' title='bbox 682 2133 1011 2186; x_wconf 84' lang='lat' dir='ltr'><strong>honoratior</strong></span> <span class='ocrx_word' id='word_1_199' title='bbox 1044 2135 1325 2199; x_wconf 84' lang='lat' dir='ltr'><strong>redditur,</strong></span> <span class='ocrx_word' id='word_1_200' title='bbox 1365 2137 1466 2187; x_wconf 85' lang='lat' dir='ltr'><strong>sed</strong></span> <span class='ocrx_word' id='word_1_201' title='bbox 1502 2138 1580 2197; x_wconf 89' lang='lat' dir='ltr'><strong>id,</strong></span> <span class='ocrx_word' id='word_1_202' title='bbox 1619 2138 1768 2203; x_wconf 87' lang='lat' dir='ltr'><strong>quod</strong></span> <span class='ocrx_word' id='word_1_203' title='bbox 1809 2137 1944 2198; x_wconf 84' lang='lat' dir='ltr'><strong>dixi,</strong></span> 
     </span>
     <span class='ocr_line' id='line_1_29' title="bbox 336 2200 1945 2269; baseline 0.001 -17"><span class='ocrx_word' id='word_1_204' title='bbox 336 2204 572 2269; x_wconf 87' lang='lat' dir='ltr'><strong>primum</strong></span> <span class='ocrx_word' id='word_1_205' title='bbox 607 2200 742 2253; x_wconf 89' lang='lat' dir='ltr'><strong>mihi</strong></span> <span class='ocrx_word' id='word_1_206' title='bbox 774 2216 839 2253; x_wconf 84' lang='lat' dir='ltr'><strong>ac</strong></span> <span class='ocrx_word' id='word_1_207' title='bbox 869 2204 1227 2269; x_wconf 84' lang='lat' dir='ltr'><strong>praecipuum</strong></span> <span class='ocrx_word' id='word_1_208' title='bbox 1247 2209 1437 2254; x_wconf 80' lang='lat' dir='ltr'><strong>votum</strong></span> <span class='ocrx_word' id='word_1_209' title='bbox 1459 2209 1570 2265; x_wconf 82' lang='lat' dir='ltr'><strong>est3</strong></span> <span class='ocrx_word' id='word_1_210' title='bbox 1605 2209 1796 2253; x_wconf 84' lang='lat' dir='ltr'><strong>cetera</strong></span> <span class='ocrx_word' id='word_1_211' title='bbox 1815 2209 1945 2253; x_wconf 89' lang='lat' dir='ltr'><strong>sunt</strong></span> 
     </span>
     <span class='ocr_line' id='line_1_30' title="bbox 338 2268 1942 2336; baseline -0.001 -17"><span class='ocrx_word' id='word_1_212' title='bbox 338 2269 613 2336; x_wconf 85' lang='lat' dir='ltr'><strong>quaedam</strong></span> <span class='ocrx_word' id='word_1_213' title='bbox 648 2271 807 2336; x_wconf 85' lang='lat' dir='ltr'><strong>quasi</strong></span> <span class='ocrx_word' id='word_1_214' title='bbox 834 2270 1170 2336; x_wconf 81' lang='lat' dir='ltr'><strong>appendices</strong></span> <span class='ocrx_word' id='word_1_215' title='bbox 1205 2275 1264 2320; x_wconf 84' lang='lat' dir='ltr'><strong>et</strong></span> <span class='ocrx_word' id='word_1_216' title='bbox 1297 2272 1672 2333; x_wconf 77' lang='lat' dir='ltr'><strong>accessiones.</strong></span> <span class='ocrx_word' id='word_1_217' title='bbox 1744 2268 1819 2318; x_wconf 85' lang='lat' dir='ltr'><strong>Ut</strong></span> <span class='ocrx_word' id='word_1_218' title='bbox 1836 2270 1942 2335; x_wconf 83' lang='lat' dir='ltr'><strong>igi-</strong></span> 
     </span>
     <span class='ocr_line' id='line_1_31' title="bbox 334 2333 1940 2404; baseline -0.001 -17"><span class='ocrx_word' id='word_1_219' title='bbox 334 2342 425 2387; x_wconf 85' lang='lat' dir='ltr'><strong>tur</strong></span> <span class='ocrx_word' id='word_1_220' title='bbox 464 2338 584 2387; x_wconf 80' lang='lat' dir='ltr'><strong>voti</strong></span> <span class='ocrx_word' id='word_1_221' title='bbox 622 2351 849 2404; x_wconf 86' lang='lat' dir='ltr'><strong>compos</strong></span> <span class='ocrx_word' id='word_1_222' title='bbox 876 2336 1029 2397; x_wconf 73' lang='lat' dir='ltr'><strong>flam,</strong></span> <span class='ocrx_word' id='word_1_223' title='bbox 1074 2336 1255 2391; x_wconf 87' lang='lat' dir='ltr'><strong>debeo</strong></span> <span class='ocrx_word' id='word_1_224' title='bbox 1278 2337 1500 2403; x_wconf 85' lang='lat' dir='ltr'><strong>quidem</strong></span> <span class='ocrx_word' id='word_1_225' title='bbox 1520 2334 1577 2384; x_wconf 92' lang='lat' dir='ltr'><strong>id</strong></span> <span class='ocrx_word' id='word_1_226' title='bbox 1600 2333 1940 2399; x_wconf 85' lang='lat' dir='ltr'><strong>quotidianis</strong></span> 
     </span>
     <span class='ocr_line' id='line_1_32' title="bbox 336 2401 1939 2468; baseline 0 -16"><span class='ocrx_word' id='word_1_227' title='bbox 336 2403 613 2468; x_wconf 82' lang='lat' dir='ltr'><strong>precibus,</strong></span> <span class='ocrx_word' id='word_1_228' title='bbox 630 2409 691 2453; x_wconf 89' lang='lat' dir='ltr'><strong>ut</strong></span> <span class='ocrx_word' id='word_1_229' title='bbox 709 2403 879 2465; x_wconf 82' lang='lat' dir='ltr'><strong>facio,</strong></span> <span class='ocrx_word' id='word_1_230' title='bbox 899 2402 1064 2453; x_wconf 83' lang='lat' dir='ltr'><strong>aDeo</strong></span> <span class='ocrx_word' id='word_1_231' title='bbox 1127 2409 1304 2465; x_wconf 79' lang='lat' dir='ltr'><strong>etere3</strong></span> <span class='ocrx_word' id='word_1_232' title='bbox 1319 2415 1498 2468; x_wconf 89' lang='lat' dir='ltr'><strong>neque</strong></span> <span class='ocrx_word' id='word_1_233' title='bbox 1517 2405 1704 2449; x_wconf 81' lang='lat' dir='ltr'><strong>tamen</strong></span> <span class='ocrx_word' id='word_1_234' title='bbox 1721 2401 1939 2453; x_wconf 85' lang='lat' dir='ltr'><strong>interea</strong></span> 
     </span>
     <span class='ocr_line' id='line_1_33' title="bbox 337 2417 1936 2533; baseline -0.001 -13"><span class='ocrx_word' id='word_1_235' title='bbox 337 2483 587 2530; x_wconf 87' lang='lat' dir='ltr'><strong>cessare,</strong></span> <span class='ocrx_word' id='word_1_236' title='bbox 628 2469 730 2519; x_wconf 87' lang='lat' dir='ltr'><strong>sed</strong></span> <span class='ocrx_word' id='word_1_237' title='bbox 767 2471 952 2520; x_wconf 87' lang='lat' dir='ltr'><strong>omnia</strong></span> <span class='ocrx_word' id='word_1_238' title='bbox 990 2417 1244 2520; x_wconf 57' lang='lat' dir='ltr'><strong>stugiose</strong></span> <span class='ocrx_word' id='word_1_239' title='bbox 1283 2468 1471 2518; x_wconf 82' lang='lat' dir='ltr'><strong>facere</strong></span> <span class='ocrx_word' id='word_1_240' title='bbox 1513 2481 1578 2516; x_wconf 84' lang='lat' dir='ltr'><strong>ac</strong></span> <span class='ocrx_word' id='word_1_241' title='bbox 1615 2480 1936 2533; x_wconf 83' lang='lat' dir='ltr'><strong>procurare,</strong></span> 
     </span>
    </p>

    <p class='ocr_par' dir='ltr' id='par_1_7' title="bbox 334 2564 1938 2722">
     <span class='ocr_line' id='line_1_34' title="bbox 393 2564 1937 2623; baseline -0.003 -14"><span class='ocrx_word' id='word_1_242' title='bbox 393 2567 433 2620; x_wconf 80' lang='lat'><strong>¹)</strong></span> <span class='ocrx_word' id='word_1_243' title='bbox 465 2568 713 2611; x_wconf 82' lang='lat' dir='ltr'><strong>Praemisit</strong></span> <span class='ocrx_word' id='word_1_244' title='bbox 740 2567 855 2609; x_wconf 82' lang='lat' dir='ltr'><strong>hanc</strong></span> <span class='ocrx_word' id='word_1_245' title='bbox 882 2566 1125 2623; x_wconf 73' lang='lat' dir='ltr'><strong>epistolam</strong></span> <span class='ocrx_word' id='word_1_246' title='bbox 1153 2564 1448 2610; x_wconf 59' lang='lat' dir='ltr'><strong>Immunem·</strong></span> <span class='ocrx_word' id='word_1_247' title='bbox 1465 2564 1726 2621; x_wconf 67' lang='lat' dir='ltr'><strong>puerilitati</strong></span> <span class='ocrx_word' id='word_1_248' title='bbox 1753 2566 1824 2607; x_wconf 77' lang='lat' dir='ltr'><strong>M.</strong></span> <span class='ocrx_word' id='word_1_249' title='bbox 1843 2565 1937 2605; x_wconf 80' lang='lat' dir='ltr'><strong>An-</strong></span> 
     </span>
     <span class='ocr_line' id='line_1_35' title="bbox 337 2618 1938 2721; baseline -0.005 -54"><span class='ocrx_word' id='word_1_250' title='bbox 337 2622 700 2721; x_wconf 53' lang='grc' dir='ltr'><strong>τοηίιιιιῖιζνῖενίε</strong></span> <span class='ocrx_word' id='word_1_251' title='bbox 725 2622 795 2673; x_wconf 70' lang='grc' dir='ltr'><strong>Ε,</strong></span> <span class='ocrx_word' id='word_1_252' title='bbox 817 2636 931 2677; x_wconf 78' lang='lat' dir='ltr'><strong>quae</strong></span> <span class='ocrx_word' id='word_1_253' title='bbox 959 2622 1127 2676; x_wconf 71' lang='lat' dir='ltr'><strong>legitur</strong></span> <span class='ocrx_word' id='word_1_254' title='bbox 1159 2624 1208 2665; x_wconf 87' lang='lat' dir='ltr'><strong>in</strong></span> <span class='ocrx_word' id='word_1_255' title='bbox 1235 2622 1392 2665; x_wconf 82' lang='lat' dir='ltr'><strong>Poem.</strong></span> <span class='ocrx_word' id='word_1_256' title='bbox 1421 2621 1528 2665; x_wconf 81' lang='lat' dir='ltr'><strong>Var.</strong></span> <span class='ocrx_word' id='word_1_257' title='bbox 1557 2618 1618 2663; x_wconf 88' lang='lat'><strong>11.</strong></span> <span class='ocrx_word' id='word_1_258' title='bbox 1651 2625 1717 2663; x_wconf 79' lang='lat'><strong>15.</strong></span> <span class='ocrx_word' id='word_1_259' title='bbox 1754 2620 1813 2662; x_wconf 87' lang='grc' dir='ltr'><strong>Τ.</strong></span> <span class='ocrx_word' id='word_1_260' title='bbox 1836 2620 1871 2662; x_wconf 82' lang='lat'><strong>1.</strong></span> <span class='ocrx_word' id='word_1_261' title='bbox 1891 2633 1938 2673; x_wconf 81' lang='lat' dir='ltr'><strong>p.</strong></span> 
     </span>
     <span class='ocr_line' id='line_1_36' title="bbox 334 2682 633 2722; baseline -0.01 0"><span class='ocrx_word' id='word_1_262' title='bbox 334 2682 432 2722; x_wconf 82' lang='lat'><strong>805.</strong></span> <span class='ocrx_word' id='word_1_263' title='bbox 496 2694 522 2720; x_wconf 91' lang='grc' dir='ltr'><strong>ιι</strong></span> <span class='ocrx_word' id='word_1_264' title='bbox 557 2693 584 2720; x_wconf 87' lang='lat' dir='ltr'><strong>n</strong></span> <span class='ocrx_word' id='word_1_265' title='bbox 622 2708 633 2719; x_wconf 88' lang='lat'><strong>.</strong></span> 
     </span>
    </p>
   </div>
  </div>
 </body>
</html>
