2275 3025
373 140 439 192 5⁰
897 138 975 191 M.
1009 141 1070 191 A.
1104 140 1430 192 MURE'rl

377 240 568 291 Kal-oli
585 240 736 306 regis
769 255 987 291 causam
1016 241 1297 304 tuebatur,
1336 242 1417 292 ita
1440 256 1584 292 nunc
1606 242 1859 306 precibus
1879 242 1949 291 ad

376 309 578 369 Deum,
619 308 773 357 cuius
795 306 1058 373 adspectu
1075 308 1299 370 fruitur,
1322 308 1489 370 fusis,
1511 310 1737 359 eandem
1757 308 1949 359 fovere
1968 316 1982 329 ⁴

379 390 442 425 ac
461 380 769 424 sustentare
789 388 899 423 non
919 376 1150 439 desinit3
1189 376 1543 442 inprimisque
1558 386 1589 438 ,'
1602 382 1665 425 u't
1686 375 1953 426 credibile

380 448 488 503 est,
518 440 694 491 filiolo
715 456 816 491 suo
837 442 1107 492 eiusmodi
1128 442 1296 493 duces
1312 456 1380 493 ac
1400 443 1745 493 consiliarios
1764 454 1932 508 preca

380 517 492 571 tur,
520 509 612 574 qui
635 508 812 573 ipsum
829 508 888 557 in
911 514 1173 573 paternae
1192 510 1375 573 potius
1396 510 1760 575 constantiae,
1790 520 1951 576 quam

377 578 434 627 in
453 582 732 627 maternae
747 574 1089 641 pervicaciae
1117 574 1480 625 imitationem
1507 576 1796 626 deducant.
1862 574 1952 625 De

378 641 640 693 fratribus
665 647 876 702 autem,
913 656 1052 707 quos
1078 640 1185 689 sibi
1208 643 1533 707 superstites
1562 644 1813 709 reliquit,
1848 656 1951 707 pro

381 710 558 759 altero
577 707 742 773 petit,
780 712 842 756 ut
861 722 1021 772 quam
1048 706 1313 757 citissime
1332 714 1597 770 mutetur,
1630 713 1733 775 'pro
1754 709 1953 769 altero,

379 790 448 825 ne
467 788 702 839 unquam
721 778 976 823 mutetur.
1011 772 1178 823 Addit
1197 774 1307 824 alia
1320 774 1393 825 iis
1414 777 1791 841 congruentia,
1812 790 1952 842 quae

381 857 481 892 nos
511 852 734 905 sperare
752 836 992 889 fortasse
1012 854 1333 906 possumus,
1373 838 1564 907 op‘tare
1594 842 1811 909 quidem
1833 842 1955 891 siue

319 919 336 930 ·
379 907 492 969 ulla
512 905 856 957 dubitatione
874 906 1154 958 debemus.
1206 905 1397 970 Vides,
1419 922 1577 975 quam
1598 915 1655 959 et
1671 910 1791 975 ipse
1812 908 1951 959 otio·

379 990 472 1025 sus
509 976 612 1025 sim
655 979 856 1023 etesse
887 979 947 1024 te
971 980 1181 1040 putemz
1219 976 1313 1041 qui
1340 982 1397 1025 et
1420 982 1627 1036 tecum,
1664 978 1953 1041 poetarum

377 1055 557 1103 more,
592 1038 660 1091 de
678 1040 778 1102 iis,
810 1054 951 1107 quae
971 1046 1208 1107 aguntur
1225 1044 1282 1092 in
1302 1042 1457 1093 caelo
1472 1078 1486 1104 ,
1512 1040 1751 1102 fabuler,
1772 1048 1831 1091 et
1849 1041 1951 1092 tibi

381 1108 451 1159 ad
483 1107 620 1159 haec
650 1108 890 1175 legenda
927 1110 1094 1159 otium
1135 1114 1428 1175 suppetere
1447 1109 1773 1160 existimem.
1842 1106 1951 1159 sed

379 1182 474 1225 tua
539 1174 722 1225 uidem
755 1175 1001 1225 conditio
1033 1176 1256 1237 melior,
1296 1176 1389 1241 qui
1426 1176 1679 1227 desinere
1717 1176 1811 1225 ubi
1848 1176 1951 1236 vis,

379 1242 505 1293 dein
546 1256 577 1290 e
599 1242 648 1291 si
675 1240 897 1308 quando'
919 1256 1098 1306 neque
1136 1241 1377 1292 dormire
1403 1242 1485 1292 vis
1527 1248 1585 1291 et
1606 1256 1831 1303 somnus
1866 1256 1952 1291 ui·-

378 1314 500 1375 get,
525 1314 778 1371 repetere
797 1308 1163 1359 intermissam
1184 1307 1476 1358 lectionem
1496 1314 1681 1373 potest
1718 1322 1842 1357 mea
1860 1306 1951 1357 de-

377 1376 577 1435 terior,
615 1373 711 1439 qui
731 1371 896 1423 homo
917 1390 1038 1424 cum
1063 1373 1221 1439 piger
1240 1373 1309 1423 ad
1336 1375 1545 1435 omnia,
1582 1380 1697 1423 tum
1725 1374 1793 1423 ad
1822 1374 1953 1423 scri·-

377 1440 614 1491 bendum
631 1440 986 1518 pigerrimus,
1007 1452 1183 1505 cogor
1203 1436 1355 1501 haec,
1374 1444 1631 1505 tanquam
1652 1440 1720 1491 ad
1742 1440 1954 1507 clepsy-

326 1555 342 1572 ,
383 1508 534 1560 dram
549 1543 564 1570 ,
611 1507 872 1560 scribere.
939 1506 1157 1557 Etenim
1199 1513 1313 1556 tum
1360 1505 1594 1574 denique
1636 1507 1957 1568 admoneor,

381 1591 502 1626 cum
527 1574 731 1641 aliquis
755 1573 939 1624 statim
963 1572 1312 1640 profecturus
1350 1579 1451 1624 est.
1520 1574 1739 1640 Duplex
1775 1579 1957 1624 autem

379 1641 514 1693 mihi
529 1641 830 1709 imponitur
838 1640 1128 1692 difficultas
1141 1658 1157 1691 ε
1178 1641 1325 1707 quod
1336 1647 1393 1692 et
1412 1641 1596 1692 subito
1609 1635 1955 1692 scribendum

381 1717 493 1773 est,
531 1724 600 1760 ne
623 1709 805 1762 officio
827 1708 1022 1770 desim,
1063 1723 1185 1758 eum
1204 1714 1265 1758 tu
1290 1708 1361 1758 ad
1386 1709 1475 1758 me
1496 1708 1859 1758 creberrimas
1886 1705 1955 1758 de

382 1776 657 1838 omnibus,
697 1790 836 1841 quae
847 1776 980 1826 istic
1001 1781 1289 1842 geruntur,
1328 1776 1697 1826 amantissime
1714 1782 1773 1824 et
1798 1788 1955 1824 accu-

381 1843 664 1902 ratissime,
685 1843 1016 1908 perscriptas
1045 1842 1259 1892 iitteras
1284 1843 1499 1906 mittas;
1540 1847 1596 1893 et
1626 1841 1800 1892 multa
1824 1841 1956 1891 scri·

379 1909 583 1969 lie-uda,
621 1922 728 1973 quo
747 1913 804 1956 te
825 1908 1101 1972 expleam,
1141 1923 1263 1960 cum
1287 1909 1344 1960 in
1374 1908 1476 1960 hac
1502 1909 1803 1973 solitudine
1818 1909 1956 1958 ‘novi

379 1974 533 2035 nihil,
553 1974 666 2024 nisi
685 1987 768 2038 ea,
791 1987 930 2039 quae
949 1974 1112 2024 istinc
1131 1974 1437 2026 afferuntur
1450 2013 1464 2037 ,
1494 1976 1794 2026 audiamus.
1845 1972 1957 2023 Da-

377 2042 463 2092 bis
480 2042 653 2107 igitur
669 2040 883 2090 veniam
901 2040 1132 2106 nuganti
1148 2039 1280 2091 mihi
1296 2075 1309 2102 ,
1332 2047 1389 2092 et
1401 2077 1415 2102 ,
1448 2043 1576 2108 quia
1591 2057 1683 2092 res
1705 2057 1815 2093 non
1832 2053 1955 2106 sup·

377 2113 599 2175 petunt,
637 2105 806 2156 verba
822 2104 1089 2157 fundenti.
1162 2105 1291 2158 Scio
1312 2109 1481 2169 enim,
1509 2113 1569 2158 te
1585 2110 1807 2171 inanes,
1829 2107 1956 2158 dum

378 2177 594 2242 longas,
614 2173 880 2239 epistolas
901 2179 1234 2240 anteponere
1254 2181 1350 2224 aut
1367 2173 1549 2234 nullis,
1567 2182 1663 2225 aut
1678 2174 1953 2226 brevibus.

377 2241 536 2294 Nunc
553 2241 624 2292 ad
643 2241 755 2293 alia
771 2241 958 2292 venioe
997 2239 1382 2291 hibernaturus
1400 2243 1459 2292 in
1480 2241 1666 2292 Gallia
1686 2256 1811 2294 esse
1830 2255 1955 2304 nos,

378 2310 508 2370 iam,
529 2316 593 2359 ut
609 2311 830 2374 opinor,
857 2308 1201 2375 exploratum
1223 2314 1334 2370 est;
1371 2319 1546 2374 neque
1563 2309 1623 2360 id
1640 2307 1775 2360 m'ihi
1796 2307 1955 2359 valde

377 2374 668 2436 molestum
691 2376 820 2437 erit,
851 2375 980 2426 dum
1019 2381 1115 2426 aut
1131 2375 1391 2425 Lutetiae
1419 2382 1513 2426 aut
1538 2377 1597 2426 in
1626 2376 1811 2444 aliquo
1840 2373 1954 2425 alio
2004 2391 2013 2398 ·

379 2441 580 2510 oppido
613 2455 737 2492 esse
765 2441 950 2492 liceat.
1015 2441 1155 2492 Nam
1188 2439 1383 2492 horum
1417 2442 1636 2508 quidem
1672 2451 1955 2492 nemorum

376 2509 485 2558 iam
503 2509 716 2573 pridem
732 2507 949 2570 taedet3
975 2522 1151 2574 neque
1170 2506 1304 2558 mihi
1322 2507 1853 2575 quidquamjongius
1875 2507 1953 2555 vi-

375 2576 556 2635 detur,
570 2588 731 2640 quam
751 2575 878 2626 dum
895 2579 1076 2625 tecum
1093 2577 1219 2626 sim:
1240 2580 1303 2626 ut
1318 2589 1473 2626 more
1492 2579 1684 2625 nostro
1700 2571 1757 2622 le
1832 2587 1952 2622 mus

381 2659 488 2696 una
507 2641 714 2708 aliquid
734 2641 1007 2706 quotidie,
1046 2653 1148 2693 seu
1164 2642 1291 2693 novi
1312 2642 1443 2708 quid
1462 2639 1741 2704 suscipere
1787 2637 1952 2698 ‘beat.
