2275 3025
354 103 453 153 124
886 105 965 156 M.
1000 107 1060 157 A.
1095 103 1418 158 MURETI

350 203 585 269 tnfidem
605 201 661 253 in
678 201 761 262 iis,
784 220 917 270 quae
938 204 1040 256 tibi
1056 205 1268 258 nomine
1291 222 1404 258 meo
1427 204 1718 267 nunciabit,
1733 205 1954 258 adhibe·

351 268 445 330 bis,
468 277 523 320 et
540 285 621 320 me
642 269 725 320 tui
740 279 1005 324 ornantem
1032 272 1350 325 redamabis.
1396 270 1542 322 Vale.
1560 271 1651 322 Ex
1674 273 1864 325 caetris
1883 273 1960 325 ad

352 334 648 388 Godanum.
670 352 759 388 ιιι.
782 335 1011 391 Kalend.
1032 339 1176 390 Iulii.
1199 353 1512 391 nnnxxvu.

438 616 701 670 LXXX.
738 629 1206 669 suaeuissmo
1243 629 1331 667 ΕΤ
1368 630 1870 670 vorssnrtssmo

1004 697 1313 733 rumctrt

896 747 1410 802 STEPHANO

540 828 663 866 nm
718 829 972 867 uas-ru
1014 829 1352 868 renonum:
1410 829 1573 866 aaut
1617 830 1762 870 arc.
1823 831 1844 840 ’

624 895 682 934 ιι.
720 895 1059 935 Ana-osma
1096 895 1420 934 munimus
1457 895 1504 933 s.
1543 896 1594 933 r.
1633 897 1690 932 n.

419 945 599 1032 Nihil
633 982 693 1034 iu
724 984 840 1036 vita
882 988 980 1035 aut
1007 982 1308 1052 optabilius
1357 987 1453 1032 aut
1491 979 1951 1034 honorificentius

350 1045 489 1097 mihi
526 1049 851 1117 contingere
887 1051 1095 1117 potuit,
1135 1047 1492 1100 serenissime
1517 1049 1662 1110 Rex,
1701 1064 1864 1115 quam
1889 1057 1953 1100 ut

351 1111 519 1164 homo
539 1129 719 1183 neque
739 1117 969 1183 ingenio
1008 1131 1187 1183 neque
1211 1114 1466 1166 doctrina
1482 1120 1706 1180 praeter
1725 1121 1948 1168 ceteros

348 1186 663 1246 praestans,
707 1183 1049 1248 amplissima
1092 1188 1151 1233 et
1191 1180 1587 1232 honestissima
1627 1182 1950 1248 conditione

390 1247 665 1310 roposita,
704 1263 739 1297 a
782 1249 1080 1300 Maiestate
1124 1253 1222 1298 tua
1262 1247 1320 1298 in
1365 1245 1658 1298 Poloniam
1698 1262 1950 1300 vocarer.

351 1260 478 1370 zuo
500 1313 757 1376 equidem
775 1315 965 1363 venire
986 1313 1299 1378 cupiebam,
1320 1328 1430 1363 non
1451 1319 1564 1364 tam
1583 1314 1785 1394 Privati
1805 1329 1951 1366 com·

346 1376 503 1426 modi
529 1391 652 1442 spe,
675 1392 839 1443 quam
866 1379 1101 1429 mirifico
1124 1380 1364 1445 quodam
1385 1380 1570 1433 studio
1592 1395 1852 1432 incensus
1873 1381 1950 1430 vi-

349 1442 520 1493 dendi
546 1457 613 1494 ac
636 1446 935 1496 venerandi
956 1447 1206 1496 cominus
1227 1460 1353 1496 eum
1373 1445 1716 1515 Principem,
1745 1450 1839 1514 qui
1861 1461 1949 1498 so-

347 1508 438 1560 lus
470 1507 635 1562 hodie
665 1513 956 1564 confirmat
978 1517 1138 1564 vetus
1169 1513 1379 1565 dictum
1399 1511 1635 1566 hominis
1657 1514 1950 1580 sapientis-

346 1576 472 1628 simi
485 1580 553 1641 τ’)
592 1586 704 1629 tum
725 1579 931 1631 demum
954 1579 1134 1631 beatas
1155 1579 1395 1631 civitates
1401 1579 1562 1649 fore,
1585 1596 1702 1632 cum
1721 1580 1950 1647 amphi-

344 1643 557 1711 losoplaei
581 1656 896 1714 regnarent,
935 1656 1031 1699 aut
1068 1663 1222 1715 reges
1238 1645 1765 1714 philosopharentur.
1839 1646 1951 1699 Sed

345 1709 407 1761 id
428 1726 551 1762 cum
569 1712 649 1763 ita
670 1728 946 1779 cuperem,
965 1720 1031 1765 ut
1048 1712 1186 1767 nihil
1205 1728 1444 1781 unquam
1465 1714 1733 1779 cupierim
1754 1714 1948 1764 arden·
1979 1767 1989 1779 ,

342 1776 619 1839 tius,'cur
643 1781 861 1831 efficere
892 1797 998 1831 non
1026 1780 1331 1846 potuerim,
1363 1781 1540 1847 Regia
1559 1778 1828 1830 Maiestas
1855 1785 1952 1830 tua

348 1856 421 1893 ex
438 1842 645 1893 Ioanne
665 1844 956 1897 Zamoscio
979 1846 1297 1897 Secretario
1323 1862 1425 1898 suo
1447 1846 1743 1913 intelliget.
1757 1848 1838 1909 *Ἴ
1905 1847 1951 1895 A

343 1922 457 1974 qua
480 1908 713 1974 supplex
742 1917 899 1976 peto,
929 1919 991 1961 ut
1012 1926 1081 1962 ne
1106 1918 1408 1977 propterea
1433 1912 1766 1979 dedignetur
1783 1926 1871 1962 me
1891 1912 1949 1962 in

254 2028 263 2037 ,
342 1988 572 2027 suorum
613 1990 895 2026 numerum
933 1978 1276 2039 adscribere,
1320 1993 1498 2045 neque
1530 1980 1611 2028 ini
1651 1993 1737 2043 uo¹
1763 1978 1944 2035 animo

340 2040 514 2101 ferat,
540 2055 655 2104 me,
685 2041 810 2091 dum
840 2042 1046 2104 vivam,
1075 2043 1491 2109 quibuscunque
1517 2048 1610 2096 mo'
1649 2045 1698 2097 is
1725 2049 1944 2110 potero,

343 2114 405 2157 et
430 2106 711 2173 loquendo
744 2115 801 2157 et
826 2108 1148 2170 scribend0‚
1172 2118 1431 2174 quantum
1453 2110 1662 2189 Regiae
1681 2111 1856 2177 ipsius
1877 2110 1943 2159 li-

337 2173 622 2224 beralitati
675 2174 932 2235 debeam,
982 2173 1233 2239 profiteri
1269 2191 1336 2226 ac
1372 2176 1715 2242 praedicare.
1787 2175 1942 2226 Deus

340 2246 456 2305 opt.
477 2255 619 2291 max.
650 2240 881 2307 Regiam
916 2240 1271 2291 Maiestatem
1307 2247 1457 2294 tuam
1493 2245 1659 2299 rebus
1687 2241 1941 2295 omnibus

337 2304 787 2358 florentissimam
854 2322 1015 2373 quam
1071 2306 1384 2359 diutissime
1439 2314 1644 2361 servet.
1711 2308 1920 2359 Romae

334 2370 461 2420 Kal.
482 2371 773 2423 Decembr.
794 2387 1110 2424 mnnxxvn.

393 2450 435 2502 ¹)
466 2448 688 2502 Platonis,
712 2453 768 2493 de
787 2453 964 2507 republ.
988 2453 1045 2496 V.
1065 2467 1168 2507 pag.
1189 2456 1286 2496 4¹13.
1307 2454 1356 2497 Ο.
1379 2456 1438 2497 D.
1458 2455 1518 2497 Η.
1540 2454 1611 2497 St.

406 2508 467 2559 ⁸⁸)
499 2503 752 2547 Intervenit
770 2507 1009 2551 Pontifici·
1031 2510 1292 2551 auctoritas.
1310 2509 1419 2552 Vid.
1443 2522 1519 2564 ep.
1537 2512 1608 2550 81.
