<?xml version="1.0" encoding="UTF-8"?>
<!DOCTYPE html PUBLIC "-//W3C//DTD XHTML 1.0 Transitional//EN"
    "http://www.w3.org/TR/xhtml1/DTD/xhtml1-transitional.dtd">
<html xmlns="http://www.w3.org/1999/xhtml" xml:lang="en" lang="en">
 <head>
  <title>
</title>
<meta http-equiv="Content-Type" content="text/html;charset=utf-8" />
  <meta name='ocr-system' content='tesseract 3.04.00' />
  <meta name='ocr-capabilities' content='ocr_page ocr_carea ocr_par ocr_line ocrx_word'/>
</head>
<body>
  <div class='ocr_page' id='page_1' title='image "./epistolae00unkngoog_0203.png"; bbox 0 0 2275 3025; ppageno 0'>
   <div class='ocr_carea' id='block_1_1' title="bbox 541 120 1834 178">
    <p class='ocr_par' dir='ltr' id='par_1_1' title="bbox 541 120 1834 178">
     <span class='ocr_line' id='line_1_1' title="bbox 541 120 1834 178; baseline 0.002 -4"><span class='ocrx_word' id='word_1_1' title='bbox 541 122 807 174; x_wconf 85' lang='lat' dir='ltr'><strong>EPIST.</strong></span> <span class='ocrx_word' id='word_1_2' title='bbox 840 120 995 173; x_wconf 79' lang='lat' dir='ltr'><strong>Lm.</strong></span> <span class='ocrx_word' id='word_1_3' title='bbox 1029 122 1108 174; x_wconf 89' lang='lat'><strong>11.</strong></span> <span class='ocrx_word' id='word_1_4' title='bbox 1143 122 1266 176; x_wconf 80' lang='grc' dir='ltr'><strong>ΕΡ.</strong></span> <span class='ocrx_word' id='word_1_5' title='bbox 1301 121 1530 176; x_wconf 82' lang='lat' dir='ltr'><strong>xvul.</strong></span> <span class='ocrx_word' id='word_1_6' title='bbox 1736 123 1834 178; x_wconf 72' lang='lat'><strong>195</strong></span> 
     </span>
    </p>
   </div>
   <div class='ocr_carea' id='block_1_2' title="bbox 230 222 1837 2715">
    <p class='ocr_par' dir='ltr' id='par_1_2' title="bbox 230 222 1837 2715">
     <span class='ocr_line' id='line_1_2' title="bbox 234 222 1834 301; baseline 0 -25"><span class='ocrx_word' id='word_1_7' title='bbox 234 222 459 276; x_wconf 70' lang='lat' dir='ltr'><strong>dubium</strong></span> <span class='ocrx_word' id='word_1_8' title='bbox 480 228 665 274; x_wconf 84' lang='lat' dir='ltr'><strong>tamen</strong></span> <span class='ocrx_word' id='word_1_9' title='bbox 684 238 799 274; x_wconf 84' lang='lat' dir='ltr'><strong>non</strong></span> <span class='ocrx_word' id='word_1_10' title='bbox 818 227 922 282; x_wconf 88' lang='lat' dir='ltr'><strong>est,</strong></span> <span class='ocrx_word' id='word_1_11' title='bbox 962 222 1094 286; x_wconf 80' lang='lat' dir='ltr'><strong>quin</strong></span> <span class='ocrx_word' id='word_1_12' title='bbox 1140 223 1404 274; x_wconf 83' lang='lat' dir='ltr'><strong>tractatio</strong></span> <span class='ocrx_word' id='word_1_13' title='bbox 1435 239 1502 274; x_wconf 81' lang='lat' dir='ltr'><strong>ac</strong></span> <span class='ocrx_word' id='word_1_14' title='bbox 1515 225 1834 301; x_wconf 71' lang='lat' dir='ltr'><strong>pervoluta·</strong></span> 
     </span>
     <span class='ocr_line' id='line_1_3' title="bbox 230 286 1835 353; baseline 0.001 -12"><span class='ocrx_word' id='word_1_15' title='bbox 230 293 317 342; x_wconf 82' lang='lat' dir='ltr'><strong>tio</strong></span> <span class='ocrx_word' id='word_1_16' title='bbox 354 291 494 340; x_wconf 90' lang='lat' dir='ltr'><strong>certi</strong></span> <span class='ocrx_word' id='word_1_17' title='bbox 530 287 817 340; x_wconf 82' lang='lat' dir='ltr'><strong>cuiusdam</strong></span> <span class='ocrx_word' id='word_1_18' title='bbox 846 287 1069 353; x_wconf 82' lang='lat' dir='ltr'><strong>generis</strong></span> <span class='ocrx_word' id='word_1_19' title='bbox 1095 286 1364 338; x_wconf 75' lang='lat' dir='ltr'><strong>librorum</strong></span> <span class='ocrx_word' id='word_1_20' title='bbox 1388 288 1679 353; x_wconf 76' lang='lat' dir='ltr'><strong>plurimum</strong></span> <span class='ocrx_word' id='word_1_21' title='bbox 1722 305 1835 342; x_wconf 89' lang='lat' dir='ltr'><strong>mo·</strong></span> 
     </span>
     <span class='ocr_line' id='line_1_4' title="bbox 232 353 1835 418; baseline 0.001 -11"><span class='ocrx_word' id='word_1_22' title='bbox 232 357 407 408; x_wconf 87' lang='lat' dir='ltr'><strong>menti</strong></span> <span class='ocrx_word' id='word_1_23' title='bbox 434 353 641 406; x_wconf 83' lang='lat' dir='ltr'><strong>habeat</strong></span> <span class='ocrx_word' id='word_1_24' title='bbox 667 353 739 404; x_wconf 85' lang='lat' dir='ltr'><strong>ad</strong></span> <span class='ocrx_word' id='word_1_25' title='bbox 776 353 1124 417; x_wconf 73' lang='lat' dir='ltr'><strong>prudentiam</strong></span> <span class='ocrx_word' id='word_1_26' title='bbox 1154 355 1594 418; x_wconf 71' lang='lat' dir='ltr'><strong>comparandam.</strong></span> <span class='ocrx_word' id='word_1_27' title='bbox 1665 356 1835 408; x_wconf 83' lang='lat' dir='ltr'><strong>Tales</strong></span> 
     </span>
     <span class='ocr_line' id='line_1_5' title="bbox 232 418 1836 486; baseline -0.001 -12"><span class='ocrx_word' id='word_1_28' title='bbox 232 428 418 474; x_wconf 82' lang='lat' dir='ltr'><strong>autem</strong></span> <span class='ocrx_word' id='word_1_29' title='bbox 440 429 569 472; x_wconf 89' lang='lat' dir='ltr'><strong>sunt</strong></span> <span class='ocrx_word' id='word_1_30' title='bbox 596 435 719 470; x_wconf 84' lang='lat' dir='ltr'><strong>oum</strong></span> <span class='ocrx_word' id='word_1_31' title='bbox 750 419 871 480; x_wconf 84' lang='lat' dir='ltr'><strong>alii,</strong></span> <span class='ocrx_word' id='word_1_32' title='bbox 912 422 1027 471; x_wconf 89' lang='lat' dir='ltr'><strong>tum</strong></span> <span class='ocrx_word' id='word_1_33' title='bbox 1058 418 1100 471; x_wconf 90' lang='lat' dir='ltr'><strong>ii</strong></span> <span class='ocrx_word' id='word_1_34' title='bbox 1140 422 1324 483; x_wconf 80' lang='lat' dir='ltr'><strong>praeci</strong></span> <span class='ocrx_word' id='word_1_35' title='bbox 1368 433 1462 481; x_wconf 89' lang='lat' dir='ltr'><strong>ue,</strong></span> <span class='ocrx_word' id='word_1_36' title='bbox 1502 419 1700 486; x_wconf 87' lang='lat' dir='ltr'><strong>quibus</strong></span> <span class='ocrx_word' id='word_1_37' title='bbox 1741 429 1836 474; x_wconf 87' lang='lat' dir='ltr'><strong>aut</strong></span> 
     </span>
     <span class='ocr_line' id='line_1_6' title="bbox 234 435 1836 552; baseline 0 -14"><span class='ocrx_word' id='word_1_38' title='bbox 234 486 475 538; x_wconf 82' lang='lat' dir='ltr'><strong>historia</strong></span> <span class='ocrx_word' id='word_1_39' title='bbox 544 487 686 536; x_wconf 89' lang='lat' dir='ltr'><strong>erite</strong></span> <span class='ocrx_word' id='word_1_40' title='bbox 720 491 781 535; x_wconf 90' lang='lat' dir='ltr'><strong>et</strong></span> <span class='ocrx_word' id='word_1_41' title='bbox 804 484 1188 550; x_wconf 73' lang='lat' dir='ltr'><strong>intelligenter</strong></span> <span class='ocrx_word' id='word_1_42' title='bbox 1219 435 1524 551; x_wconf 71' lang='lat' dir='ltr'><strong>sxpficata,</strong></span> <span class='ocrx_word' id='word_1_43' title='bbox 1567 492 1662 538; x_wconf 82' lang='lat' dir='ltr'><strong>aut</strong></span> <span class='ocrx_word' id='word_1_44' title='bbox 1679 501 1836 552; x_wconf 78' lang='lat' dir='ltr'><strong>prae·</strong></span> 
     </span>
     <span class='ocr_line' id='line_1_7' title="bbox 234 503 1834 620; baseline 0 -16"><span class='ocrx_word' id='word_1_45' title='bbox 234 560 401 620; x_wconf 84' lang='lat' dir='ltr'><strong>cepta</strong></span> <span class='ocrx_word' id='word_1_46' title='bbox 456 503 541 605; x_wconf 54' lang='lat' dir='ltr'><strong>esf</strong></span> <span class='ocrx_word' id='word_1_47' title='bbox 581 551 984 604; x_wconf 77' lang='lat' dir='ltr'><strong>informandam</strong></span> <span class='ocrx_word' id='word_1_48' title='bbox 1045 552 1214 606; x_wconf 84' lang='lat' dir='ltr'><strong>vitam</strong></span> <span class='ocrx_word' id='word_1_49' title='bbox 1255 551 1417 604; x_wconf 81' lang='lat' dir='ltr'><strong>utilia</strong></span> <span class='ocrx_word' id='word_1_50' title='bbox 1462 552 1834 605; x_wconf 87' lang='lat' dir='ltr'><strong>continentur.</strong></span> 
     </span>
     <span class='ocr_line' id='line_1_8' title="bbox 236 617 1834 684; baseline 0 -14"><span class='ocrx_word' id='word_1_51' title='bbox 236 619 353 670; x_wconf 83' lang='lat' dir='ltr'><strong>lam</strong></span> <span class='ocrx_word' id='word_1_52' title='bbox 392 624 630 682; x_wconf 90' lang='lat' dir='ltr'><strong>utroque</strong></span> <span class='ocrx_word' id='word_1_53' title='bbox 665 619 722 668; x_wconf 88' lang='lat' dir='ltr'><strong>in</strong></span> <span class='ocrx_word' id='word_1_54' title='bbox 752 632 956 684; x_wconf 75' lang='lat' dir='ltr'><strong>genere</strong></span> <span class='ocrx_word' id='word_1_55' title='bbox 995 618 1141 682; x_wconf 78' lang='lat' dir='ltr'><strong>apud</strong></span> <span class='ocrx_word' id='word_1_56' title='bbox 1179 617 1429 674; x_wconf 82' lang='lat' dir='ltr'><strong>Graecos</strong></span> <span class='ocrx_word' id='word_1_57' title='bbox 1503 618 1686 676; x_wconf 78' lang='lat' dir='ltr'><strong>uidem</strong></span> <span class='ocrx_word' id='word_1_58' title='bbox 1724 618 1834 670; x_wconf 85' lang='lat' dir='ltr'><strong>duo</strong></span> 
     </span>
     <span class='ocr_line' id='line_1_9' title="bbox 235 683 1833 750; baseline 0.003 -18"><span class='ocrx_word' id='word_1_59' title='bbox 235 683 375 738; x_wconf 82' lang='lat' dir='ltr'><strong>mihi</strong></span> <span class='ocrx_word' id='word_1_60' title='bbox 397 684 651 736; x_wconf 82' lang='lat' dir='ltr'><strong>videntur</strong></span> <span class='ocrx_word' id='word_1_61' title='bbox 674 684 1028 744; x_wconf 70' lang='lat' dir='ltr'><strong>excelluisse,</strong></span> <span class='ocrx_word' id='word_1_62' title='bbox 1051 683 1364 750; x_wconf 74' lang='lat' dir='ltr'><strong>Xenophon</strong></span> <span class='ocrx_word' id='word_1_63' title='bbox 1391 691 1450 736; x_wconf 89' lang='lat' dir='ltr'><strong>et</strong></span> <span class='ocrx_word' id='word_1_64' title='bbox 1519 683 1833 747; x_wconf 81' lang='lat' dir='ltr'><strong>lutarchus3</strong></span> 
     </span>
     <span class='ocr_line' id='line_1_10' title="bbox 241 749 1836 818; baseline 0.001 -18"><span class='ocrx_word' id='word_1_65' title='bbox 241 749 504 802; x_wconf 84' lang='lat' dir='ltr'><strong>eLatinis</strong></span> <span class='ocrx_word' id='word_1_66' title='bbox 524 757 727 814; x_wconf 88' lang='lat' dir='ltr'><strong>autem;</strong></span> <span class='ocrx_word' id='word_1_67' title='bbox 750 751 972 804; x_wconf 86' lang='lat' dir='ltr'><strong>nimium</strong></span> <span class='ocrx_word' id='word_1_68' title='bbox 992 750 1236 806; x_wconf 76' lang='lat' dir='ltr'><strong>fortasse</strong></span> <span class='ocrx_word' id='word_1_69' title='bbox 1256 749 1392 806; x_wconf 70' lang='lat' dir='ltr'><strong>mihi</strong></span> <span class='ocrx_word' id='word_1_70' title='bbox 1411 752 1696 818; x_wconf 70' lang='lat' dir='ltr'><strong>sumo,.qui</strong></span> <span class='ocrx_word' id='word_1_71' title='bbox 1717 758 1836 806; x_wconf 80' lang='lat' dir='ltr'><strong>tan·</strong></span> 
     </span>
     <span class='ocr_line' id='line_1_11' title="bbox 237 815 1837 882; baseline 0.003 -16"><span class='ocrx_word' id='word_1_72' title='bbox 237 823 301 866; x_wconf 84' lang='lat' dir='ltr'><strong>ta</strong></span> <span class='ocrx_word' id='word_1_73' title='bbox 318 817 389 866; x_wconf 86' lang='lat' dir='ltr'><strong>de</strong></span> <span class='ocrx_word' id='word_1_74' title='bbox 408 830 470 866; x_wconf 90' lang='lat' dir='ltr'><strong>re</strong></span> <span class='ocrx_word' id='word_1_75' title='bbox 488 816 731 871; x_wconf 83' lang='lat' dir='ltr'><strong>iudicare</strong></span> <span class='ocrx_word' id='word_1_76' title='bbox 752 818 1016 880; x_wconf 57' lang='lat' dir='ltr'><strong>audeanu</strong></span> <span class='ocrx_word' id='word_1_77' title='bbox 1034 818 1139 868; x_wconf 84' lang='lat' dir='ltr'><strong>sed</strong></span> <span class='ocrx_word' id='word_1_78' title='bbox 1160 823 1222 870; x_wconf 78' lang='lat' dir='ltr'><strong>ut</strong></span> <span class='ocrx_word' id='word_1_79' title='bbox 1240 815 1728 882; x_wconf 74' lang='lat' dir='ltr'><strong>reprehendendus</strong></span> <span class='ocrx_word' id='word_1_80' title='bbox 1751 831 1837 870; x_wconf 86' lang='lat' dir='ltr'><strong>es-</strong></span> 
     </span>
     <span class='ocr_line' id='line_1_12' title="bbox 238 883 1833 948; baseline 0.002 -16"><span class='ocrx_word' id='word_1_81' title='bbox 238 897 356 932; x_wconf 89' lang='lat' dir='ltr'><strong>sem</strong></span> <span class='ocrx_word' id='word_1_82' title='bbox 368 916 384 943; x_wconf 89' lang='lat'>,</span> <span class='ocrx_word' id='word_1_83' title='bbox 422 885 472 935; x_wconf 89' lang='lat' dir='ltr'><strong>si</strong></span> <span class='ocrx_word' id='word_1_84' title='bbox 492 883 646 948; x_wconf 79' lang='lat' dir='ltr'><strong>quasi</strong></span> <span class='ocrx_word' id='word_1_85' title='bbox 664 883 834 936; x_wconf 82' lang='lat' dir='ltr'><strong>iudex</strong></span> <span class='ocrx_word' id='word_1_86' title='bbox 852 889 950 934; x_wconf 79' lang='lat' dir='ltr'><strong>aut</strong></span> <span class='ocrx_word' id='word_1_87' title='bbox 968 883 1179 937; x_wconf 78' lang='lat' dir='ltr'><strong>arbiter</strong></span> <span class='ocrx_word' id='word_1_88' title='bbox 1191 889 1520 944; x_wconf 72' lang='lat' dir='ltr'><strong>statuerem,</strong></span> <span class='ocrx_word' id='word_1_89' title='bbox 1560 884 1642 937; x_wconf 86' lang='lat' dir='ltr'><strong>ita</strong></span> <span class='ocrx_word' id='word_1_90' title='bbox 1659 885 1833 937; x_wconf 84' lang='lat' dir='ltr'><strong>licere</strong></span> 
     </span>
     <span class='ocr_line' id='line_1_13' title="bbox 238 948 1833 1015; baseline 0.003 -18"><span class='ocrx_word' id='word_1_91' title='bbox 238 948 482 1000; x_wconf 79' lang='lat' dir='ltr'><strong>arbitror</strong></span> <span class='ocrx_word' id='word_1_92' title='bbox 501 955 775 1015; x_wconf 82' lang='lat' dir='ltr'><strong>tamquam</strong></span> <span class='ocrx_word' id='word_1_93' title='bbox 794 952 891 1000; x_wconf 88' lang='lat' dir='ltr'><strong>uni</strong></span> <span class='ocrx_word' id='word_1_94' title='bbox 912 965 943 998; x_wconf 88' lang='lat' dir='ltr'><strong>e</strong></span> <span class='ocrx_word' id='word_1_95' title='bbox 963 949 1174 1009; x_wconf 82' lang='lat' dir='ltr'><strong>multis,</strong></span> <span class='ocrx_word' id='word_1_96' title='bbox 1195 948 1328 1014; x_wconf 84' lang='lat' dir='ltr'><strong>quid</strong></span> <span class='ocrx_word' id='word_1_97' title='bbox 1363 951 1600 1001; x_wconf 80' lang='lat' dir='ltr'><strong>sentiam</strong></span> <span class='ocrx_word' id='word_1_98' title='bbox 1619 951 1833 1002; x_wconf 81' lang='lat' dir='ltr'><strong>dicere:</strong></span> 
     </span>
     <span class='ocr_line' id='line_1_14' title="bbox 238 1015 1836 1082; baseline 0.001 -17"><span class='ocrx_word' id='word_1_99' title='bbox 238 1028 309 1065; x_wconf 81' lang='lat' dir='ltr'><strong>ex</strong></span> <span class='ocrx_word' id='word_1_100' title='bbox 346 1015 496 1064; x_wconf 86' lang='lat' dir='ltr'><strong>omni</strong></span> <span class='ocrx_word' id='word_1_101' title='bbox 534 1016 707 1081; x_wconf 82' lang='lat' dir='ltr'><strong>igitur</strong></span> <span class='ocrx_word' id='word_1_102' title='bbox 743 1015 1073 1068; x_wconf 82' lang='lat' dir='ltr'><strong>Latinorum</strong></span> <span class='ocrx_word' id='word_1_103' title='bbox 1110 1017 1442 1078; x_wconf 80' lang='lat' dir='ltr'><strong>scriptorum</strong></span> <span class='ocrx_word' id='word_1_104' title='bbox 1477 1015 1641 1080; x_wconf 73' lang='lat' dir='ltr'><strong>copia</strong></span> <span class='ocrx_word' id='word_1_105' title='bbox 1664 1015 1836 1082; x_wconf 80' lang='lat' dir='ltr'><strong>longe</strong></span> 
     </span>
     <span class='ocr_line' id='line_1_15' title="bbox 234 1078 1836 1144; baseline 0 -12"><span class='ocrx_word' id='word_1_106' title='bbox 234 1078 373 1132; x_wconf 81' lang='lat' dir='ltr'><strong>mihi</strong></span> <span class='ocrx_word' id='word_1_107' title='bbox 392 1079 497 1130; x_wconf 82' lang='lat' dir='ltr'><strong>hac.</strong></span> <span class='ocrx_word' id='word_1_108' title='bbox 514 1079 680 1132; x_wconf 87' lang='lat' dir='ltr'><strong>laude</strong></span> <span class='ocrx_word' id='word_1_109' title='bbox 702 1094 871 1144; x_wconf 82' lang='lat' dir='ltr'><strong>supra</strong></span> <span class='ocrx_word' id='word_1_110' title='bbox 888 1084 1109 1130; x_wconf 81' lang='lat' dir='ltr'><strong>ceteros</strong></span> <span class='ocrx_word' id='word_1_111' title='bbox 1153 1079 1444 1136; x_wconf 71' lang='lat' dir='ltr'><strong>Cornelius</strong></span> <span class='ocrx_word' id='word_1_112' title='bbox 1482 1081 1712 1132; x_wconf 75' lang='lat' dir='ltr'><strong>Tacitus</strong></span> <span class='ocrx_word' id='word_1_113' title='bbox 1744 1095 1836 1132; x_wconf 81' lang='lat' dir='ltr'><strong>ex-</strong></span> 
     </span>
     <span class='ocr_line' id='line_1_16' title="bbox 236 1145 1835 1204; baseline 0.001 -8"><span class='ocrx_word' id='word_1_114' title='bbox 236 1146 446 1196; x_wconf 87' lang='lat' dir='ltr'><strong>cellere</strong></span> <span class='ocrx_word' id='word_1_115' title='bbox 466 1145 703 1196; x_wconf 83' lang='lat' dir='ltr'><strong>vid-etur.</strong></span> <span class='ocrx_word' id='word_1_116' title='bbox 776 1145 961 1204; x_wconf 73' lang='lat' dir='ltr'><strong>Quare</strong></span> <span class='ocrx_word' id='word_1_117' title='bbox 996 1145 1096 1204; x_wconf 87' lang='lat' dir='ltr'><strong>iis,</strong></span> <span class='ocrx_word' id='word_1_118' title='bbox 1175 1146 1230 1198; x_wconf 84' lang='lat' dir='ltr'><strong>ui</strong></span> <span class='ocrx_word' id='word_1_119' title='bbox 1255 1145 1474 1198; x_wconf 81' lang='lat' dir='ltr'><strong>litteras</strong></span> <span class='ocrx_word' id='word_1_120' title='bbox 1494 1146 1576 1204; x_wconf 74' lang='lat' dir='ltr'><strong>ita</strong></span> <span class='ocrx_word' id='word_1_121' title='bbox 1594 1151 1835 1199; x_wconf 80' lang='lat' dir='ltr'><strong>tractare</strong></span> 
     </span>
     <span class='ocr_line' id='line_1_17' title="bbox 238 1210 1836 1276; baseline 0.003 -14"><span class='ocrx_word' id='word_1_122' title='bbox 238 1212 485 1276; x_wconf 74' lang='lat' dir='ltr'><strong>cupiunt,</strong></span> <span class='ocrx_word' id='word_1_123' title='bbox 504 1225 617 1264; x_wconf 76' lang='lat' dir='ltr'><strong>non</strong></span> <span class='ocrx_word' id='word_1_124' title='bbox 637 1216 698 1260; x_wconf 84' lang='lat' dir='ltr'><strong>ut</strong></span> <span class='ocrx_word' id='word_1_125' title='bbox 714 1225 749 1262; x_wconf 89' lang='lat' dir='ltr'><strong>a</strong></span> <span class='ocrx_word' id='word_1_126' title='bbox 766 1211 912 1262; x_wconf 80' lang='lat' dir='ltr'><strong>vitae</strong></span> <span class='ocrx_word' id='word_1_127' title='bbox 932 1212 1144 1264; x_wconf 81' lang='lat' dir='ltr'><strong>muner-i</strong></span> <span class='ocrx_word' id='word_1_128' title='bbox 1187 1227 1250 1264; x_wconf 86' lang='lat' dir='ltr'><strong>us</strong></span> <span class='ocrx_word' id='word_1_129' title='bbox 1267 1210 1484 1272; x_wconf 75' lang='lat' dir='ltr'><strong>feriati,</strong></span> <span class='ocrx_word' id='word_1_130' title='bbox 1525 1212 1836 1270; x_wconf 80' lang='lat' dir='ltr'><strong>abditarum</strong></span> 
     </span>
     <span class='ocr_line' id='line_1_18' title="bbox 236 1277 1832 1344; baseline 0.002 -17"><span class='ocrx_word' id='word_1_131' title='bbox 236 1292 423 1328; x_wconf 86' lang='lat' dir='ltr'><strong>rerum</strong></span> <span class='ocrx_word' id='word_1_132' title='bbox 446 1283 503 1326; x_wconf 91' lang='lat' dir='ltr'><strong>et</strong></span> <span class='ocrx_word' id='word_1_133' title='bbox 521 1277 673 1342; x_wconf 81' lang='lat' dir='ltr'><strong>vulgi</strong></span> <span class='ocrx_word' id='word_1_134' title='bbox 692 1284 912 1344; x_wconf 81' lang='lat' dir='ltr'><strong>captum</strong></span> <span class='ocrx_word' id='word_1_135' title='bbox 932 1279 1310 1344; x_wconf 75' lang='lat' dir='ltr'><strong>superantium</strong></span> <span class='ocrx_word' id='word_1_136' title='bbox 1335 1278 1698 1336; x_wconf 69' lang='lat' dir='ltr'>meditatione</span> <span class='ocrx_word' id='word_1_137' title='bbox 1721 1279 1832 1330; x_wconf 87' lang='lat' dir='ltr'><strong>ani-</strong></span> 
     </span>
     <span class='ocr_line' id='line_1_19' title="bbox 232 1343 1834 1410; baseline 0.002 -16"><span class='ocrx_word' id='word_1_138' title='bbox 232 1359 381 1394; x_wconf 85' lang='lat' dir='ltr'><strong>mum</strong></span> <span class='ocrx_word' id='word_1_139' title='bbox 404 1349 648 1408; x_wconf 74' lang='lat' dir='ltr'><strong>pascant,</strong></span> <span class='ocrx_word' id='word_1_140' title='bbox 668 1345 771 1395; x_wconf 82' lang='lat' dir='ltr'><strong>sed</strong></span> <span class='ocrx_word' id='word_1_141' title='bbox 790 1350 851 1396; x_wconf 83' lang='lat' dir='ltr'><strong>ut</strong></span> <span class='ocrx_word' id='word_1_142' title='bbox 868 1345 926 1395; x_wconf 89' lang='lat' dir='ltr'><strong>in</strong></span> <span class='ocrx_word' id='word_1_143' title='bbox 944 1343 1226 1398; x_wconf 79' lang='lat' dir='ltr'><strong>hominum</strong></span> <span class='ocrx_word' id='word_1_144' title='bbox 1249 1346 1656 1410; x_wconf 77' lang='lat' dir='ltr'><strong>consuetudine</strong></span> <span class='ocrx_word' id='word_1_145' title='bbox 1681 1353 1743 1400; x_wconf 87' lang='lat' dir='ltr'><strong>et</strong></span> <span class='ocrx_word' id='word_1_146' title='bbox 1777 1348 1834 1398; x_wconf 87' lang='lat' dir='ltr'><strong>in</strong></span> 
     </span>
     <span class='ocr_line' id='line_1_20' title="bbox 233 1408 1834 1480; baseline 0.002 -19"><span class='ocrx_word' id='word_1_147' title='bbox 233 1408 575 1476; x_wconf 75' lang='lat' dir='ltr'><strong>reipublicae</strong></span> <span class='ocrx_word' id='word_1_148' title='bbox 608 1410 1087 1468; x_wconf 67' lang='lat' dir='ltr'><strong>administratione</strong></span> <span class='ocrx_word' id='word_1_149' title='bbox 1124 1419 1442 1475; x_wconf 82' lang='lat' dir='ltr'><strong>versantes,</strong></span> <span class='ocrx_word' id='word_1_150' title='bbox 1482 1419 1541 1464; x_wconf 88' lang='lat' dir='ltr'><strong>et</strong></span> <span class='ocrx_word' id='word_1_151' title='bbox 1576 1414 1834 1480; x_wconf 78' lang='lat' dir='ltr'><strong>privatim</strong></span> 
     </span>
     <span class='ocr_line' id='line_1_21' title="bbox 236 1476 1835 1546; baseline 0.002 -19"><span class='ocrx_word' id='word_1_152' title='bbox 236 1483 295 1529; x_wconf 83' lang='lat' dir='ltr'><strong>et</strong></span> <span class='ocrx_word' id='word_1_153' title='bbox 314 1476 533 1543; x_wconf 78' lang='lat' dir='ltr'><strong>publice</strong></span> <span class='ocrx_word' id='word_1_154' title='bbox 556 1478 759 1529; x_wconf 82' lang='lat' dir='ltr'><strong>ceteris</strong></span> <span class='ocrx_word' id='word_1_155' title='bbox 780 1480 1021 1545; x_wconf 77' lang='lat' dir='ltr'><strong>prosint,</strong></span> <span class='ocrx_word' id='word_1_156' title='bbox 1056 1479 1328 1546; x_wconf 84' lang='lat' dir='ltr'><strong>vobisque</strong></span> <span class='ocrx_word' id='word_1_157' title='bbox 1348 1480 1696 1545; x_wconf 83' lang='lat' dir='ltr'><strong>praesertim,</strong></span> <span class='ocrx_word' id='word_1_158' title='bbox 1740 1479 1835 1545; x_wconf 86' lang='lat' dir='ltr'><strong>qui</strong></span> 
     </span>
     <span class='ocr_line' id='line_1_22' title="bbox 230 1544 1832 1611; baseline -0.002 -14"><span class='ocrx_word' id='word_1_159' title='bbox 230 1547 379 1597; x_wconf 78' lang='lat' dir='ltr'><strong>eain</strong></span> <span class='ocrx_word' id='word_1_160' title='bbox 398 1544 685 1610; x_wconf 73' lang='lat' dir='ltr'><strong>republica</strong></span> <span class='ocrx_word' id='word_1_161' title='bbox 703 1546 819 1595; x_wconf 90' lang='lat' dir='ltr'><strong>nati</strong></span> <span class='ocrx_word' id='word_1_162' title='bbox 840 1546 975 1598; x_wconf 82' lang='lat' dir='ltr'><strong>estis</strong></span> <span class='ocrx_word' id='word_1_163' title='bbox 994 1581 1011 1607; x_wconf 91' lang='lat'>‚</span> <span class='ocrx_word' id='word_1_164' title='bbox 1052 1561 1196 1611; x_wconf 84' lang='lat' dir='ltr'><strong>quae</strong></span> <span class='ocrx_word' id='word_1_165' title='bbox 1221 1552 1344 1600; x_wconf 73' lang='lat' dir='ltr'><strong>tota</strong></span> <span class='ocrx_word' id='word_1_166' title='bbox 1377 1553 1570 1596; x_wconf 85' lang='lat' dir='ltr'><strong>vestro</strong></span> <span class='ocrx_word' id='word_1_167' title='bbox 1587 1580 1606 1605; x_wconf 90' lang='lat'>,</span> <span class='ocrx_word' id='word_1_168' title='bbox 1646 1545 1706 1595; x_wconf 78' lang='lat' dir='ltr'><strong>id</strong></span> <span class='ocrx_word' id='word_1_169' title='bbox 1727 1550 1832 1605; x_wconf 86' lang='lat' dir='ltr'><strong>est,</strong></span> 
     </span>
     <span class='ocr_line' id='line_1_23' title="bbox 234 1609 1835 1675; baseline -0.004 -11"><span class='ocrx_word' id='word_1_170' title='bbox 234 1610 511 1664; x_wconf 80' lang='lat' dir='ltr'><strong>nobilium</strong></span> <span class='ocrx_word' id='word_1_171' title='bbox 548 1611 787 1663; x_wconf 82' lang='lat' dir='ltr'><strong>consilio</strong></span> <span class='ocrx_word' id='word_1_172' title='bbox 826 1616 992 1675; x_wconf 83' lang='lat' dir='ltr'><strong>atque</strong></span> <span class='ocrx_word' id='word_1_173' title='bbox 1032 1610 1368 1660; x_wconf 86' lang='lat' dir='ltr'><strong>auctoritate</strong></span> <span class='ocrx_word' id='word_1_174' title='bbox 1409 1611 1626 1674; x_wconf 79' lang='lat' dir='ltr'><strong>regitur</strong></span> <span class='ocrx_word' id='word_1_175' title='bbox 1635 1624 1650 1669; x_wconf 71' lang='grc' dir='ltr'><strong>ς</strong></span> <span class='ocrx_word' id='word_1_176' title='bbox 1689 1609 1835 1659; x_wconf 83' lang='lat' dir='ltr'><strong>eius·</strong></span> 
     </span>
     <span class='ocr_line' id='line_1_24' title="bbox 232 1670 1837 1739; baseline -0.003 -11"><span class='ocrx_word' id='word_1_177' title='bbox 232 1676 387 1729; x_wconf 83' lang='lat' dir='ltr'><strong>modi</strong></span> <span class='ocrx_word' id='word_1_178' title='bbox 406 1677 730 1739; x_wconf 74' lang='lat' dir='ltr'><strong>scriptores,</strong></span> <span class='ocrx_word' id='word_1_179' title='bbox 768 1681 991 1739; x_wconf 75' lang='lat' dir='ltr'><strong>praeter</strong></span> <span class='ocrx_word' id='word_1_180' title='bbox 1025 1688 1206 1737; x_wconf 75' lang='lat' dir='ltr'><strong>pauca</strong></span> <span class='ocrx_word' id='word_1_181' title='bbox 1243 1673 1513 1737; x_wconf 78' lang='lat' dir='ltr'><strong>quaedam</strong></span> <span class='ocrx_word' id='word_1_182' title='bbox 1533 1670 1837 1735; x_wconf 76' lang='lat' dir='ltr'><strong>Plutarchi,</strong></span> 
     </span>
     <span class='ocr_line' id='line_1_25' title="bbox 236 1735 1836 1810; baseline -0.002 -18"><span class='ocrx_word' id='word_1_183' title='bbox 236 1756 378 1810; x_wconf 85' lang='lat' dir='ltr'><strong>quae</strong></span> <span class='ocrx_word' id='word_1_184' title='bbox 417 1741 488 1792; x_wconf 81' lang='lat' dir='ltr'><strong>ad</strong></span> <span class='ocrx_word' id='word_1_185' title='bbox 524 1739 945 1797; x_wconf 80' lang='lat' dir='ltr'><strong>mathematicas</strong></span> <span class='ocrx_word' id='word_1_186' title='bbox 976 1738 1299 1802; x_wconf 78' lang='lat' dir='ltr'><strong>disciplinas</strong></span> <span class='ocrx_word' id='word_1_187' title='bbox 1327 1745 1424 1787; x_wconf 88' lang='lat' dir='ltr'><strong>aut</strong></span> <span class='ocrx_word' id='word_1_188' title='bbox 1447 1737 1518 1789; x_wconf 76' lang='lat' dir='ltr'><strong>ad</strong></span> <span class='ocrx_word' id='word_1_189' title='bbox 1547 1735 1836 1803; x_wconf 82' lang='lat' dir='ltr'><strong>physiolo-</strong></span> 
     </span>
     <span class='ocr_line' id='line_1_26' title="bbox 234 1798 1834 1875; baseline 0 -18"><span class='ocrx_word' id='word_1_190' title='bbox 234 1802 386 1875; x_wconf 79' lang='lat' dir='ltr'><strong>giam</strong></span> <span class='ocrx_word' id='word_1_191' title='bbox 409 1798 717 1873; x_wconf 60' lang='lat' dir='ltr'><strong>pertinent,</strong></span> <span class='ocrx_word' id='word_1_192' title='bbox 758 1810 908 1857; x_wconf 88' lang='lat' dir='ltr'><strong>totos</strong></span> <span class='ocrx_word' id='word_1_193' title='bbox 949 1802 1378 1869; x_wconf 58' lang='lat' dir='ltr'><strong>diligentissime</strong></span> <span class='ocrx_word' id='word_1_194' title='bbox 1409 1804 1834 1871; x_wconf 82' lang='lat' dir='ltr'><strong>cognoscendos</strong></span> 
     </span>
     <span class='ocr_line' id='line_1_27' title="bbox 236 1867 1837 1933; baseline -0.001 -8"><span class='ocrx_word' id='word_1_195' title='bbox 236 1880 297 1927; x_wconf 89' lang='lat' dir='ltr'><strong>et</strong></span> <span class='ocrx_word' id='word_1_196' title='bbox 331 1874 389 1923; x_wconf 91' lang='lat' dir='ltr'><strong>in</strong></span> <span class='ocrx_word' id='word_1_197' title='bbox 429 1872 682 1922; x_wconf 83' lang='lat' dir='ltr'><strong>manibus</strong></span> <span class='ocrx_word' id='word_1_198' title='bbox 718 1868 1005 1920; x_wconf 88' lang='lat' dir='ltr'><strong>habendos</strong></span> <span class='ocrx_word' id='word_1_199' title='bbox 1040 1874 1195 1933; x_wconf 76' lang='lat' dir='ltr'><strong>puto.</strong></span> <span class='ocrx_word' id='word_1_200' title='bbox 1268 1867 1520 1921; x_wconf 80' lang='lat' dir='ltr'><strong>Platonis</strong></span> <span class='ocrx_word' id='word_1_201' title='bbox 1558 1877 1742 1925; x_wconf 82' lang='lat' dir='ltr'><strong>autem</strong></span> <span class='ocrx_word' id='word_1_202' title='bbox 1777 1879 1837 1924; x_wconf 88' lang='lat' dir='ltr'><strong>et</strong></span> 
     </span>
     <span class='ocr_line' id='line_1_28' title="bbox 234 1934 1832 2005; baseline 0.001 -16"><span class='ocrx_word' id='word_1_203' title='bbox 234 1938 559 1990; x_wconf 83' lang='lat' dir='ltr'><strong>Aristotelis</strong></span> <span class='ocrx_word' id='word_1_204' title='bbox 581 1951 691 1986; x_wconf 91' lang='lat' dir='ltr'><strong>non</strong></span> <span class='ocrx_word' id='word_1_205' title='bbox 712 1936 919 1996; x_wconf 85' lang='lat' dir='ltr'><strong>omnia,</strong></span> <span class='ocrx_word' id='word_1_206' title='bbox 942 1934 1044 1985; x_wconf 83' lang='lat' dir='ltr'><strong>sed</strong></span> <span class='ocrx_word' id='word_1_207' title='bbox 1063 1936 1352 2003; x_wconf 85' lang='lat' dir='ltr'><strong>utriusque</strong></span> <span class='ocrx_word' id='word_1_208' title='bbox 1379 1951 1446 1987; x_wconf 87' lang='lat' dir='ltr'><strong>ea</strong></span> <span class='ocrx_word' id='word_1_209' title='bbox 1463 1939 1659 2000; x_wconf 85' lang='lat' dir='ltr'><strong>modo,</strong></span> <span class='ocrx_word' id='word_1_210' title='bbox 1691 1954 1832 2005; x_wconf 86' lang='lat' dir='ltr'><strong>quae</strong></span> 
     </span>
     <span class='ocr_line' id='line_1_29' title="bbox 236 2001 1832 2072; baseline -0.001 -15"><span class='ocrx_word' id='word_1_211' title='bbox 236 2005 309 2057; x_wconf 83' lang='lat' dir='ltr'><strong>ad</strong></span> <span class='ocrx_word' id='word_1_212' title='bbox 347 2001 778 2056; x_wconf 79' lang='lat' dir='ltr'><strong>conformandos</strong></span> <span class='ocrx_word' id='word_1_213' title='bbox 814 2015 998 2052; x_wconf 89' lang='lat' dir='ltr'><strong>mores</strong></span> <span class='ocrx_word' id='word_1_214' title='bbox 1039 2009 1096 2053; x_wconf 90' lang='lat' dir='ltr'><strong>et</strong></span> <span class='ocrx_word' id='word_1_215' title='bbox 1122 2002 1532 2055; x_wconf 82' lang='lat' dir='ltr'><strong>institutionem</strong></span> <span class='ocrx_word' id='word_1_216' title='bbox 1569 2005 1832 2072; x_wconf 84' lang='lat' dir='ltr'><strong>reipubli-</strong></span> 
     </span>
     <span class='ocr_line' id='line_1_30' title="bbox 238 2068 1834 2134; baseline 0.001 -12"><span class='ocrx_word' id='word_1_217' title='bbox 238 2085 340 2123; x_wconf 85' lang='lat' dir='ltr'><strong>cae</strong></span> <span class='ocrx_word' id='word_1_218' title='bbox 363 2077 422 2121; x_wconf 89' lang='lat' dir='ltr'><strong>et</strong></span> <span class='ocrx_word' id='word_1_219' title='bbox 439 2070 510 2120; x_wconf 84' lang='lat' dir='ltr'><strong>ad</strong></span> <span class='ocrx_word' id='word_1_220' title='bbox 526 2068 620 2123; x_wconf 78' lang='lat' dir='ltr'><strong>,elo</strong></span> <span class='ocrx_word' id='word_1_221' title='bbox 662 2068 904 2119; x_wconf 85' lang='lat' dir='ltr'><strong>uentiam</strong></span> <span class='ocrx_word' id='word_1_222' title='bbox 923 2069 1218 2134; x_wconf 85' lang='lat' dir='ltr'><strong>pertinent.</strong></span> <span class='ocrx_word' id='word_1_223' title='bbox 1240 2070 1502 2123; x_wconf 84' lang='lat' dir='ltr'><strong>Hocmeo</strong></span> <span class='ocrx_word' id='word_1_224' title='bbox 1523 2073 1761 2123; x_wconf 87' lang='lat' dir='ltr'><strong>consilio</strong></span> <span class='ocrx_word' id='word_1_225' title='bbox 1776 2078 1834 2122; x_wconf 91' lang='lat' dir='ltr'><strong>et</strong></span> 
     </span>
     <span class='ocr_line' id='line_1_31' title="bbox 236 2134 1834 2205; baseline 0 -18"><span class='ocrx_word' id='word_1_226' title='bbox 236 2137 489 2201; x_wconf 68' lang='lat' dir='ltr'><strong>aliiplim</strong></span> <span class='ocrx_word' id='word_1_227' title='bbox 510 2134 639 2186; x_wconf 87' lang='lat' dir='ltr'><strong>nobi</strong></span> <span class='ocrx_word' id='word_1_228' title='bbox 668 2150 725 2185; x_wconf 80' lang='lat' dir='ltr'><strong>es</strong></span> <span class='ocrx_word' id='word_1_229' title='bbox 746 2135 1133 2187; x_wconf 77' lang='lat' dir='ltr'><strong>adolescentes</strong></span> <span class='ocrx_word' id='word_1_230' title='bbox 1145 2137 1233 2187; x_wconf 90' lang='lat' dir='ltr'><strong>usi</strong></span> <span class='ocrx_word' id='word_1_231' title='bbox 1253 2144 1398 2199; x_wconf 89' lang='lat' dir='ltr'><strong>sunt,</strong></span> <span class='ocrx_word' id='word_1_232' title='bbox 1420 2154 1651 2205; x_wconf 87' lang='lat' dir='ltr'><strong>quorum</strong></span> <span class='ocrx_word' id='word_1_233' title='bbox 1665 2139 1834 2189; x_wconf 87' lang='lat' dir='ltr'><strong>etiam</strong></span> 
     </span>
     <span class='ocr_line' id='line_1_32' title="bbox 234 2200 1834 2268; baseline -0.001 -13"><span class='ocrx_word' id='word_1_234' title='bbox 234 2200 489 2255; x_wconf 84' lang='lat' dir='ltr'><strong>nonnulli</strong></span> <span class='ocrx_word' id='word_1_235' title='bbox 516 2200 682 2252; x_wconf 85' lang='lat' dir='ltr'><strong>hodie</strong></span> <span class='ocrx_word' id='word_1_236' title='bbox 714 2204 900 2268; x_wconf 85' lang='lat' dir='ltr'><strong>magni</strong></span> <span class='ocrx_word' id='word_1_237' title='bbox 920 2217 985 2253; x_wconf 87' lang='lat' dir='ltr'><strong>ac</strong></span> <span class='ocrx_word' id='word_1_238' title='bbox 1004 2203 1143 2253; x_wconf 83' lang='lat' dir='ltr'><strong>clari</strong></span> <span class='ocrx_word' id='word_1_239' title='bbox 1162 2203 1220 2253; x_wconf 88' lang='lat' dir='ltr'><strong>in</strong></span> <span class='ocrx_word' id='word_1_240' title='bbox 1251 2205 1568 2255; x_wconf 83' lang='lat' dir='ltr'><strong>civitatibus</strong></span> <span class='ocrx_word' id='word_1_241' title='bbox 1590 2205 1706 2253; x_wconf 87' lang='lat' dir='ltr'><strong>suis</strong></span> <span class='ocrx_word' id='word_1_242' title='bbox 1725 2202 1834 2253; x_wconf 80' lang='lat' dir='ltr'><strong>viri</strong></span> 
     </span>
     <span class='ocr_line' id='line_1_33' title="bbox 236 2267 1832 2336; baseline -0.003 -15"><span class='ocrx_word' id='word_1_243' title='bbox 236 2270 437 2321; x_wconf 84' lang='lat' dir='ltr'><strong>uberes</strong></span> <span class='ocrx_word' id='word_1_244' title='bbox 458 2283 518 2319; x_wconf 85' lang='lat' dir='ltr'><strong>se</strong></span> <span class='ocrx_word' id='word_1_245' title='bbox 539 2283 610 2319; x_wconf 85' lang='lat' dir='ltr'><strong>ex</strong></span> <span class='ocrx_word' id='word_1_246' title='bbox 627 2282 695 2319; x_wconf 88' lang='lat' dir='ltr'><strong>eo</strong></span> <span class='ocrx_word' id='word_1_247' title='bbox 716 2267 931 2320; x_wconf 79' lang='lat' dir='ltr'><strong>fructus</strong></span> <span class='ocrx_word' id='word_1_248' title='bbox 949 2271 1100 2336; x_wconf 83' lang='lat' dir='ltr'><strong>perci</strong></span> <span class='ocrx_word' id='word_1_249' title='bbox 1143 2283 1238 2320; x_wconf 86' lang='lat' dir='ltr'><strong>ere</strong></span> <span class='ocrx_word' id='word_1_250' title='bbox 1258 2270 1524 2332; x_wconf 77' lang='lat' dir='ltr'><strong>fatentur3</strong></span> <span class='ocrx_word' id='word_1_251' title='bbox 1553 2275 1610 2319; x_wconf 91' lang='lat' dir='ltr'><strong>et</strong></span> <span class='ocrx_word' id='word_1_252' title='bbox 1626 2275 1689 2318; x_wconf 89' lang='lat' dir='ltr'><strong>tu</strong></span> <span class='ocrx_word' id='word_1_253' title='bbox 1708 2282 1832 2318; x_wconf 87' lang='lat' dir='ltr'><strong>cum</strong></span> 
     </span>
     <span class='ocr_line' id='line_1_34' title="bbox 236 2333 1831 2413; baseline -0.001 -26"><span class='ocrx_word' id='word_1_254' title='bbox 236 2337 475 2389; x_wconf 80' lang='lat' dir='ltr'><strong>maxime</strong></span> <span class='ocrx_word' id='word_1_255' title='bbox 494 2336 695 2387; x_wconf 80' lang='lat' dir='ltr'><strong>uteris=</strong></span> <span class='ocrx_word' id='word_1_256' title='bbox 735 2337 831 2403; x_wconf 91' lang='lat' dir='ltr'><strong>qui</strong></span> <span class='ocrx_word' id='word_1_257' title='bbox 862 2333 1030 2387; x_wconf 82' lang='lat' dir='ltr'><strong>horas</strong></span> <span class='ocrx_word' id='word_1_258' title='bbox 1063 2337 1109 2387; x_wconf 91' lang='lat' dir='ltr'><strong>ti</strong></span> <span class='ocrx_word' id='word_1_259' title='bbox 1147 2336 1168 2385; x_wconf 91' lang='lat' dir='ltr'><strong>i</strong></span> <span class='ocrx_word' id='word_1_260' title='bbox 1203 2336 1453 2403; x_wconf 83' lang='lat' dir='ltr'><strong>quotidie</strong></span> <span class='ocrx_word' id='word_1_261' title='bbox 1491 2334 1707 2413; x_wconf 70' lang='lat' dir='ltr'><strong>aliquot</strong></span> <span class='ocrx_word' id='word_1_262' title='bbox 1741 2350 1831 2385; x_wconf 89' lang='lat' dir='ltr'><strong>su-</strong></span> 
     </span>
     <span class='ocr_line' id='line_1_35' title="bbox 234 2401 1832 2469; baseline 0 -16"><span class='ocrx_word' id='word_1_263' title='bbox 234 2404 339 2453; x_wconf 85' lang='lat' dir='ltr'><strong>mis</strong></span> <span class='ocrx_word' id='word_1_264' title='bbox 362 2440 379 2465; x_wconf 87' lang='lat'><strong>,</strong></span> <span class='ocrx_word' id='word_1_265' title='bbox 434 2417 570 2469; x_wconf 80' lang='lat' dir='ltr'><strong>quas</strong></span> <span class='ocrx_word' id='word_1_266' title='bbox 611 2416 829 2453; x_wconf 85' lang='lat' dir='ltr'><strong>mecum</strong></span> <span class='ocrx_word' id='word_1_267' title='bbox 870 2401 930 2451; x_wconf 86' lang='lat' dir='ltr'><strong>in</strong></span> <span class='ocrx_word' id='word_1_268' title='bbox 970 2408 1230 2453; x_wconf 86' lang='lat' dir='ltr'><strong>accurata</strong></span> <span class='ocrx_word' id='word_1_269' title='bbox 1265 2401 1458 2451; x_wconf 78' lang='lat' dir='ltr'><strong>talium</strong></span> <span class='ocrx_word' id='word_1_270' title='bbox 1496 2404 1832 2465; x_wconf 77' lang='lat' dir='ltr'><strong>scriptorum</strong></span> 
     </span>
     <span class='ocr_line' id='line_1_36' title="bbox 235 2464 1828 2534; baseline -0.001 -16"><span class='ocrx_word' id='word_1_271' title='bbox 235 2468 478 2520; x_wconf 86' lang='lat' dir='ltr'><strong>lectione</strong></span> <span class='ocrx_word' id='word_1_272' title='bbox 503 2482 814 2519; x_wconf 84' lang='lat' dir='ltr'><strong>consumas.</strong></span> <span class='ocrx_word' id='word_1_273' title='bbox 883 2466 1012 2517; x_wconf 83' lang='lat' dir='ltr'><strong>Hoc</strong></span> <span class='ocrx_word' id='word_1_274' title='bbox 1030 2469 1203 2534; x_wconf 83' lang='lat' dir='ltr'><strong>igitur</strong></span> <span class='ocrx_word' id='word_1_275' title='bbox 1223 2464 1408 2517; x_wconf 86' lang='lat' dir='ltr'><strong>studio</strong></span> <span class='ocrx_word' id='word_1_276' title='bbox 1429 2472 1526 2517; x_wconf 89' lang='lat' dir='ltr'><strong>tuo</strong></span> <span class='ocrx_word' id='word_1_277' title='bbox 1540 2466 1828 2528; x_wconf 80' lang='lat' dir='ltr'><strong>adductus,</strong></span> 
     </span>
     <span class='ocr_line' id='line_1_37' title="bbox 236 2530 1830 2601; baseline -0.003 -16"><span class='ocrx_word' id='word_1_278' title='bbox 236 2536 507 2601; x_wconf 87' lang='lat' dir='ltr'><strong>simulque</strong></span> <span class='ocrx_word' id='word_1_279' title='bbox 539 2535 613 2583; x_wconf 89' lang='lat' dir='ltr'><strong>im</strong></span> <span class='ocrx_word' id='word_1_280' title='bbox 655 2535 809 2584; x_wconf 88' lang='lat' dir='ltr'><strong>ulsus</strong></span> <span class='ocrx_word' id='word_1_281' title='bbox 842 2534 1088 2583; x_wconf 86' lang='lat' dir='ltr'><strong>amicitia</strong></span> <span class='ocrx_word' id='word_1_282' title='bbox 1119 2547 1187 2582; x_wconf 86' lang='lat' dir='ltr'><strong>ac</strong></span> <span class='ocrx_word' id='word_1_283' title='bbox 1221 2530 1601 2583; x_wconf 83' lang='lat' dir='ltr'><strong>familiaritate</strong></span> <span class='ocrx_word' id='word_1_284' title='bbox 1621 2538 1830 2593; x_wconf 86' lang='lat' dir='ltr'><strong>nostra,</strong></span> 
     </span>
     <span class='ocr_line' id='line_1_38' title="bbox 234 2597 1834 2715; baseline -0.004 -62"><span class='ocrx_word' id='word_1_285' title='bbox 234 2616 376 2669; x_wconf 76' lang='lat' dir='ltr'><strong>quae</strong></span> <span class='ocrx_word' id='word_1_286' title='bbox 390 2601 580 2652; x_wconf 88' lang='lat' dir='ltr'><strong>multis</strong></span> <span class='ocrx_word' id='word_1_287' title='bbox 594 2615 627 2652; x_wconf 87' lang='lat' dir='ltr'><strong>a</strong></span> <span class='ocrx_word' id='word_1_288' title='bbox 667 2597 793 2651; x_wconf 84' lang='lat' dir='ltr'><strong>hinc</strong></span> <span class='ocrx_word' id='word_1_289' title='bbox 809 2598 968 2649; x_wconf 85' lang='lat' dir='ltr'><strong>annis</strong></span> <span class='ocrx_word' id='word_1_290' title='bbox 981 2598 1237 2651; x_wconf 85' lang='lat' dir='ltr'><strong>instituta</strong></span> <span class='ocrx_word' id='word_1_291' title='bbox 1251 2598 1452 2715; x_wconf 48' lang='lat' dir='ltr'><strong>itaiaegn</strong></span> <span class='ocrx_word' id='word_1_292' title='bbox 1464 2601 1658 2663; x_wconf 80' lang='lat' dir='ltr'><strong>crevit,</strong></span> <span class='ocrx_word' id='word_1_293' title='bbox 1667 2597 1758 2649; x_wconf 84' lang='lat' dir='ltr'><strong>vix</strong></span> <span class='ocrx_word' id='word_1_294' title='bbox 1773 2602 1834 2647; x_wconf 87' lang='lat' dir='ltr'><strong>ut</strong></span> 
     </span>
    </p>
   </div>
  </div>
 </body>
</html>
