2275 3025
548 190 807 246 Erlsr.
846 192 999 243 Lm.
1036 155 1102 244 il.
1138 192 1258 244 Er.
1295 192 1428 244 xn.
1468 193 1631 247 xm.
1799 193 1898 246 181

304 293 605 357 spirantem
623 300 739 344 tum
759 292 1012 358 corporis
1027 328 1042 353 ,
1080 297 1194 342 tum
1213 293 1387 342 multo
1407 294 1584 359 magis
1604 293 1815 360 ingenii
1831 308 1898 344 ac

303 361 566 409 virtutum
587 372 809 409 suarum
828 357 1127 423 imaginem
1145 358 1405 435 reliquit!
1437 356 1628 424 ltaque
1657 365 1721 409 ut
1737 359 1897 411 intel·

303 423 447 492 ligas
462 461 479 485 ‚
517 431 573 475 te
596 440 629 474 a
646 438 731 474 me
752 424 895 473 tanti
914 423 1064 484 fieri,
1099 429 1287 489 quanti
1316 437 1552 490 aequum
1585 431 1672 475 est
1695 430 1751 474 et
1767 425 1898 478 talis

302 491 413 540 viri
432 491 604 540 filium
626 496 685 539 et
703 489 871 539 talem
892 489 1062 539 filium
1076 526 1091 551 ,
1112 490 1204 557 qui
1223 495 1484 554 paternae
1507 490 1722 556 gloriae
1742 504 1897 558 prae·

308 556 461 606 clare
485 555 630 606 omni
656 569 726 605 ex
758 561 912 620 parte
946 556 1306 620 respondeat:
1329 557 1488 606 mitto
1521 556 1590 606 ad
1608 563 1666 606 te
1686 559 1898 607 muneri

306 621 608 681 Tibullum,
632 618 739 670 hoc
761 627 862 682 est,
885 636 1007 672 eum
1028 626 1250 688 poetam
1265 658 1280 684 ‚
1311 637 1471 688 quem
1493 628 1653 689 pater
1671 627 1800 673 tuus
1820 621 1898 674 i’e·

305 687 576 737 licissime
615 688 887 752 expressit
905 724 920 750 ‚
958 689 1306 740 emendatum
1350 703 1384 738 a
1419 703 1507 739 me
1546 695 1605 739 et
1638 688 1899 739 brevibus

312 750 542 802 scholiis
563 752 923 815 illustratum,
946 756 1038 821 qui
1058 755 1164 807 tibi
1182 756 1560 806 testimonium
1581 755 1654 804 ali
1695 753 1808 806 uod
1827 756 1902 805 sit

310 817 655 870 incredibilis
695 819 1079 871 observantiae
1118 836 1256 888 erga
1305 828 1362 872 te
1398 835 1574 872 meae.
1711 835 1901 873 arvum

312 897 524 945 munus,
566 883 770 950 fateor3
809 888 909 938 sed
939 893 995 937 et
1022 902 1056 937 a
1074 902 1276 954 magno
1299 888 1481 938 animo
1541 887 1899 950 roflciscitur‚

314 956 371 998 et
402 951 613 1001 maiora
646 953 757 1002 alia
790 953 1229 1019 subsequentur,
1271 953 1320 1004 si
1341 952 1447 1003 hoc
1467 955 1506 1002 ti
1552 945 1700 1003 i‘non
1719 954 1901 1020 ingra-

311 1022 426 1132 {pm
462 1015 637 1068 fuisse
675 1032 1014 1085 cognovero.
1093 1018 1253 1070 Vale.
1294 1018 1436 1070 Non.
1475 1018 1610 1068 Mai.
1647 1033 1902 1069 nnnvm.

362 1083 563 1133 atavio.

525 1231 693 1283 xm.
729 1233 808 1283 M.
843 1231 1260 1286 ANTons
1296 1232 1692 1286 MURETUS

402 1328 785 1367 »manciaco
857 1330 1220 1412 aoszaoaff
1281 1329 1816 1370 renuntiatione.

1009 1397 1057 1433 s.
1098 1388 1212 1448 n.)

380 1449 526 1535 hon
548 1481 751 1535 iniuria
770 1482 1077 1535 dubitatum
1100 1490 1189 1536 est
1209 1499 1242 1535 a
1271 1485 1582 1547 veteribus,
1607 1484 1903 1535 Francisce

313 1549 600 1618 Gonzagn,
621 1548 951 1602 adolescens
988 1553 1485 1616 praestantissime,
1505 1551 1804 1601 Tibullone
1835 1564 1905 1600 an

312 1615 605 1683 Propertio
626 1617 961 1668 deferendus
990 1623 1141 1667 esset
1159 1618 1307 1667 inter
1325 1617 1557 1666 Latinos
1579 1620 1775 1681 poetas
1796 1615 1906 1665 ele·

312 1682 439 1749 giae
486 1683 811 1733 scribendae
862 1683 1224 1749 principatus.
1331 1680 1472 1731 Nam
1515 1687 1578 1731 ut
1619 1681 1808 1730 insunt
1847 1682 1906 1731 in

310 1756 548 1813 utroque
569 1750 867 1813 permulta,
902 1762 1044 1813 quae
1079 1762 1179 1798 eos
1201 1747 1512 1813 vulgarium
1550 1759 1779 1797 numero
1814 1759 1908 1796 ex-

312 1818 491 1863 emtos
520 1814 577 1863 in
605 1815 755 1865 edito
798 1822 963 1880 atque
1000 1814 1264 1863 eminenti
1298 1819 1547 1864 statuant
1601 1814 1762 1863 locoz
1822 1813 1906 1863 sic

311 1881 567 1947 propriae
600 1880 869 1946 quaedam
886 1884 1110 1931 exstant
1140 1887 1200 1930 et
1228 1881 1450 1931 elucent
1466 1882 1522 1931 in
1543 1884 1778 1946 utroque
1797 1881 1905 1930 vir·

307 1950 477 2007 tutes,
498 1946 695 2012 quibus
717 1952 950 2013 uterque
971 1947 1205 1997 alterius
1227 1947 1461 2013 palmam
1486 1947 1800 2013 ambiguam
1824 1944 1904 1997 fa·

202 2007 209 2015 '
308 2025 436 2062 cere
458 2012 725 2063 videatur.
797 2012 1020 2065 Summa
1054 2014 1111 2063 in
1150 2012 1376 2064 Tibullo
1419 2014 1753 2065 elocutionis
1793 2011 1904 2063 ele·

308 2078 498 2144 gantia
518 2086 576 2130 et
592 2081 921 2146 proprietas,
944 2095 1157 2131 summa
1175 2083 1230 2131 in
1252 2079 1546 2147 Propertio
1570 2079 1904 2131 eruditionis

306 2144 561 2211 poeticae
588 2148 751 2211 copia
770 2153 828 2197 et
846 2148 1113 2211 varietas3
1134 2147 1189 2197 ln
1208 2148 1308 2198 illo
1330 2148 1581 2199 Romana
1599 2158 1773 2211 prope
1790 2157 1904 2193 om-

306 2213 417 2273 nia,
440 2211 497 2260 in
519 2209 625 2261 hoc
643 2212 905 2279 pleraque
926 2214 1307 2264 transmarina.
1351 2214 1513 2263 Illum
1532 2212 1718 2261 nativa
1736 2222 1904 2274 quae-

310 2277 433 2327 dam
454 2282 514 2326 et
528 2277 849 2344 incorrupta
864 2280 1099 2331 Romani
1112 2280 1384 2331 sermonis
1396 2278 1692 2344 integritas
1714 2275 1772 2324 iu
1793 2288 1904 2323 me-

308 2343 403 2394 dia
432 2342 568 2393 urbe
601 2349 786 2393 natum
814 2350 873 2395 et
912 2344 1081 2396 altum
1115 2360 1241 2396 esse
1285 2345 1576 2410 perspicue
1628 2338 1902 2390 ostendit:

308 2406 452 2459 hunc
471 2418 693 2474 praeter
718 2417 907 2459 cetera
934 2410 1114 2461 forma
1134 2417 1194 2462 et
1216 2409 1506 2461 character
1529 2409 1652 2474 ipse
1683 2406 1908 2458 dicendi

306 2476 366 2525 in
388 2474 731 2525 Graecorum
760 2480 1048 2541 poetarum
1074 2477 1297 2543 scriptis
1320 2473 1700 2525 assiduissime
1716 2486 1905 2523 versa·

308 2546 423 2612 tum
442 2556 567 2593 esse
589 2540 957 2605 demonstrat3
996 2558 1229 2609 cumque
1264 2556 1300 2591 a
1321 2539 1748 2607 sapientissimis
1767 2538 1902 2589 viris

367 2624 407 2677 ι·)
432 2624 548 2667 Prae
596 2625 690 2668 issa
707 2626 779 2666 est
796 2622 909 2666 haee
926 2622 1129 2678 epistola
1146 2620 1774 2678 scholiisinl’roportiun.v.
1786 2620 1907 2675 opp.

308 2678 426 2724 Mur.
447 2679 506 2722 Τ.
522 2678 547 2721 1
573 2709 584 2721 .
605 2692 707 2735 pag.
726 2682 822 2721 90³.
840 2678 894 2721 R.
