2275 3025
526 190 786 243 Emsr.
821 165 975 244 Lm.
1011 192 1118 244 111.
1157 191 1274 243 ΕΡ.
1314 191 1439 244 Lv.
1475 193 1630 244 Lvi.
1783 191 1882 242 επ.

289 291 550 342 familiari
570 307 634 342 ac
656 290 979 358 quotidiano
1002 293 1275 344 sermonis
1296 307 1520 360 genere,
1540 291 1882 356 respondere

289 359 473 408 liceat.
545 358 697 409 Nihil
720 358 863 407 enim
884 358 1111 408 invitius
1132 358 1300 418 facio,
1340 373 1501 425 quam
1526 366 1588 408 ut
1615 359 1671 407 in
1692 358 1882 408 liman-

291 424 373 475 dis
416 439 479 474 ae
516 423 792 489 poliendis
830 423 1083 488 epistolis
1113 426 1232 474 otio
1254 424 1464 476 abutar.
1534 423 1727 488 Neque
1747 421 1885 472 mihi

290 491 459 540 ullum
481 494 921 554 praeceptorum,
943 485 1082 555 quae
1104 490 1310 539 tradita
1330 496 1458 540 sunt
1475 505 1509 539 a
1531 489 1752 539 dicendi
1771 503 1882 538 ma*

292 557 501 622 gistris,
540 557 717 620 magis
746 555 951 618 placet,
973 566 1133 633 quam
1153 555 1311 616 illud,
1354 554 1586 605 dandam
1609 569 1732 606 esse
1755 567 1884 620 ope-

290 636 429 681 ram,
466 627 529 670 ut
548 627 744 685 sponte
766 619 937 670 fluere
960 622 1211 672 videatur
1231 622 1428 672 oratio,
1500 621 1620 688 Ego
1641 634 1800 681 vero,
1823 625 1886 668 ut

287 687 465 751 magis
503 686 779 747 videatur,
827 693 1024 750 sponte
1061 688 1224 754 plane
1261 686 1436 738 fluere
1477 702 1595 738 eam
1656 687 1778 736 sino
1828 691 1884 735 et

288 751 545 836 ignaviae
563 765 719 800 meae
744 753 1156 804 excusationem
1185 753 1252 802 ab
1273 754 1409 818 ipsis
1429 753 1711 820 magistris
1733 756 1880 818 potu.

290 819 376 868 'lu
414 832 661 883 quoque,
708 818 755 868 si
794 833 881 868 me
919 833 1095 879 amas,
1138 823 1233 868 aut
1269 819 1454 884 potius
1497 819 1754 886 quopiam
1794 831 1883 866 me

290 898 459 943 amas,
497 883 743 944 imitare,
784 898 905 934 cum
941 884 1011 933 ad
1052 899 1137 934 me
1178 885 1376 946 sribes,
1417 885 1554 935 hanc
1587 887 1764 950 ipsam
1789 897 1882 932 ne-

290 949 615 1064 fingendam
656 963 857 1000 meam:
898 964 985 1011 ne,
1020 951 1065 999 si
1098 951 1415 1002 accuratius
1449 951 1762 1014 scripseris,
1785 951 1882 999 mi·

326 1017 583 1081 iquoque
621 1022 879 1065 accurate
915 1016 1198 1065 scribendi
1223 1017 1612 1066 necessitatem
1639 1018 1884 1082 imponeff

289 1094 350 1130 re
395 1081 649 1131 videaris.
719 1079 875 1130 Deus
916 1087 976 1132 et⁴
1014 1081 1201 1131 studia
1239 1087 1296 1131 et
1332 1087 1506 1134 totam
1547 1081 1770 1131 vivendi
1797 1095 1882 1130 ra-

290 1147 497 1196 tionem
545 1153 695 1196 tuam
739 1146 808 1196 ad
835 1145 1091 1211 ¹gloriam
1138 1160 1294 1196 suam
1337 1153 1604 1213 perpetuo
1657 1147 1881 1212 dirigat.

289 1211 447 1263 Vale.
471 1213 694 1261 Romae.
719 1225 795 1260 vt.
826 1211 968 1262 Non.
989 1212 1201 1274 Martii,
1225 1227 1334 1278 quo
1375 1212 1498 1276 ipso
1541 1213 1629 1264 die
1665 1213 1882 1264 litteras

290 1292 325 1329 a
348 1277 558 1326 Beneio
596 1277 809 1345 accepi:
846 1291 915 1330 ne
952 1292 1039 1328 me
1078 1278 1152 1329 ad
1189 1292 1286 1329 eas
1323 1279 1504 1330 serius
1540 1278 1884 1346 respondere

290 1343 525 1396 mireris.

877 1539 1284 1555 ——n—-————
1331 1538 1335 1543 '

486 1706 641 1759 LVI.
698 1707 776 1757 Μ.
822 1706 1247 1759 ANTONIUS
1290 1706 1682 1759 MURETUS

695 1820 742 1856 s.
780 1820 839 1856 n.
876 1818 1125 1856 memo
1162 1819 1480 1857 manento.

353 1888 713 1985 Iampridem
743 1920 814 1970 ad
843 1925 900 1969 te
940 1920 1162 1986 scripsi,
1203 1922 1350 1988 quod
1389 1923 1586 1972 iterum
1624 1923 1882 1985 scribam,

288 1986 507 2053 quando
529 1986 747 2036 litteras
768 2000 918 2036 meas
958 1985 1026 2035 ad
1061 1993 1119 2037 te
1146 1988 1390 2053 portatas
1417 2004 1526 2038 non
1549 2003 1672 2039 esse
1691 1988 1877 2049 video,

285 2054 505 2118 ineptos
526 2052 686 2112 istos,
709 2052 777 2102 de
797 2052 995 2120 quibus
1017 2053 1528 2120 scribis,⁸indignos
1549 2069 1773 2119 prorsus
1795 2068 1881 2103 es-

287 2131 369 2179 se,
393 2118 591 2183 quibus
611 2121 1042 2184 respondeatur:
1062 2120 1144 2169 ita
1162 2126 1312 2169 se‘ne
1333 2120 1531 2171 leviter
1551 2120 1770 2185 quidem
1791 2120 1878 2169 lit-

283 2185 423 2234 teris
455 2184 662 2233 tinctos
690 2199 814 2234 esse
846 2184 1150 2235 declarant.
1221 2186 1366 2245 Quid
1389 2187 1532 2236 enim
1555 2192 1664 2245 est,
1693 2198 1790 2233 our
1809 2184 1878 2234 de

286 2248 475 2300 Paullo
498 2257 551 2300 et
574 2248 807 2311 Quinc-to
826 2265 915 2300 me
934 2252 1282 2316 potissimum
1302 2252 1596 2301 accusent'ss
1635 2250 1746 2299 Cur
1769 2265 1880 2299 non

286 2330 410 2367 oum
430 2316 680 2366 Manutio
700 2317 888 2380 potius
917 2322 975 2367 et
1004 2332 1125 2366 oum
1147 2316 1381 2383 Sigonio
1411 2316 1610 2382 agunt}
1648 2329 1879 2380 quorum

285 2388 523 2448 uterque
544 2387 669 2431 ante
690 2379 813 2443 hos,
852 2383 1067 2448 opinor,
1110 2384 1306 2449 viginti
1335 2383 1573 2448 quinque
1601 2395 1774 2430 annos
1800 2380 1884 2429 ita

288 2448 639 2499 scribendum
666 2462 791 2498 esse
831 2448 1053 2499 docuit:
1110 2448 1181 2499 Et
1209 2455 1359 2499 certe
1390 2449 1444 2497 in
1478 2447 1712 2497 vetustis
1736 2461 1878 2496 mar-

285 2514 533 2564 moribus
618 2514 983 2581 raecipueque
1014 2515 1071 2565 in
1096 2514 1264 2567 fastis
1301 2514 1632 2579 Capitolinis
1660 2514 1741 2563 ita
1757 2527 1882 2579 per-

285 2585 455 2645 petuo
477 2582 587 2631 scri
627 2582 755 2631 itur.
824 2582 893 2629 At
914 2594 1129 2630 versum
1151 2581 1308 2631 illum
1329 2579 1640 2646 exagitant:

396 2660 513 2713 Una
534 2662 705 2712 virum
728 2670 781 2713 et
804 2662 1061 2713 virtutum
1083 2662 1314 2730 omnium
1335 2665 1527 2715 acerba
1547 2662 1671 2712 luen.

1447 2731 1552 2784 82
