2275 3025
408 182 507 232 344
944 181 1022 232 Μ.
1058 182 1119 232 A.
1156 179 1471 232 MURETI

408 282 622 334 doloris
643 281 917 333 acerbitas
940 284 1107 334 etiam
1131 298 1198 332 ea
1213 318 1230 344 ,
1272 296 1413 347 quae
1431 281 1725 331 notissima
1741 285 1900 344 sunt,
1939 297 2020 335 ex

408 349 591 401 animo
626 349 897 400 excutiatz
938 353 999 399 ut
1024 349 1340 400 memineris
1363 348 1699 412 aequissimo
1721 349 1905 398 animo
1927 347 2018 400 fe-

409 415 637 466 rendam
657 430 781 466 esse
802 413 943 465 hanc
962 414 1072 464 Dei
1092 415 1316 482 quidem
1333 414 1696 494 voluntatefn,
1735 413 2014 466 humanae

408 487 591 531 autem
623 488 851 532 naturae
882 480 1292 532 necessitatem.
1364 480 1422 531 Si
1444 495 1534 530 ars
1560 481 1746 546 aliqua
1769 482 2012 546 reperiri

408 554 617 614 posset,
656 561 765 612 qua
802 547 980 610 fieret,
1020 553 1080 598 ut
1113 549 1174 597 in
1203 546 1306 598 hac
1333 547 1450 596 vita
1468 553 1735 614 perpetuo
1757 561 2012 602 manere-

406 629 527 664 mus
542 649 558 676 ,
602 619 787 664 tamen
824 628 947 664 eam
984 627 1045 664 re
1084 615 1279 666 udiare
1317 619 1374 664 et
1411 613 1657 664 aversari
1695 618 2008 678 oporteret,

445 693 549 730 uae
577 680 739 748 nobis
770 680 979 731 aditum
999 629 1081 732 aci)
1086 682 1376 732 meliorem
1394 681 1564 730 vitam
1583 679 2006 730 intercluderet.

458 761 564 796 unc
585 760 654 796 ea
672 746 832 797 nobis
851 746 959 798 Dei
980 747 1266 798 voluntate
1287 747 1551 813 imposita
1569 752 1657 796 est
1675 748 2005 808 necessitas,

407 819 469 863 ut
488 809 614 862 hinc
644 812 939 878 aliquando
967 827 1256 864 exeamus:
1295 827 1474 878 neque
1507 814 1796 879 quicquam
1821 813 2006 879 magis

406 879 553 928 inter
570 877 773 929 stultos
796 885 853 928 et
873 879 1154 944 sapientes
1174 880 1426 940 interest,
1464 894 1625 944 quam
1645 878 1794 944 quod
1813 877 1899 928 ini
1918 879 2004 929 in-

408 945 720 1010 dignantur,
741 961 883 1000 nunc
902 945 1017 996 suis
1039 945 1280 1007 evenire,
1303 944 1451 1011 quod
1471 945 1577 995 sibi
1599 959 1816 1010 quoque
1838 958 2004 996 even-

407 1018 589 1061 turum
610 1020 714 1072 est,
736 1026 879 1062 nunc
904 1027 967 1063 se
988 1026 1057 1061 eo
1077 1012 1420 1078 peryenisse,
1441 1025 1548 1076 quo
1569 1009 2003 1076 perveniendum

409 1083 496 1127 est
516 1076 793 1131 omnibus:
815 1076 873 1131 hi
894 1093 1239 1129 communem
1258 1084 1468 1128 sortem
1489 1077 1623 1129 etin
1643 1077 1760 1126 suis
1779 1076 2002 1143 placide

407 1142 595 1194 ferunt
634 1145 771 1195 etin
802 1150 980 1196 semet
1004 1144 1141 1211 ipsis
1180 1144 1397 1210 placide
1419 1148 1788 1208 exspectant..
1832 1143 2004 1194 Mira-

404 1223 544 1269 mur,
567 1208 811 1272 Sacrate,
833 1212 975 1262 mori
998 1226 1114 1272 eos,
1139 1226 1280 1277 quos
1300 1209 1574 1260 amamus?
1609 1207 1722 1275 Ipsi
1743 1225 1846 1259 nos
1867 1223 2002 1275 quo·

406 1275 544 1325 tidie
587 1277 869 1329 morimur.
942 1277 1128 1337 Quota
1167 1292 1295 1343 pars
1325 1281 1583 1341 superest
1601 1275 1658 1326 in
1679 1275 1841 1325 nolris
1860 1277 2002 1337 eiua,

409 1339 557 1406 quod
576 1341 633 1389 in
656 1341 1107 1394 adolescentibus
1127 1341 1268 1394 fuiti
1285 1343 1402 1394 Mei
1422 1341 1642 1408 quidam
1661 1341 1773 1391 iam
1797 1342 2006 1393 mortui

406 1411 537 1468 sunt
556 1405 775 1468 dentes3
798 1421 970 1472 prope
991 1409 1136 1457 enim
1159 1421 1350 1459 omnes
1371 1409 1718 1460 decideruntt
1738 1408 2006 1473 paulatim

406 1470 719 1526 moriuntur
748 1472 923 1533 oculi,
964 1487 1103 1537 quos
1124 1473 1378 1539 quotidie
1397 1475 1575 1525 minus
1595 1488 1661 1525 ac
1680 1476 1860 1526 minus
1881 1489 2006 1540 per-

408 1538 659 1603 spicaces
680 1538 800 1590 fieri
822 1539 1031 1589 sentio:
1062 1540 1298 1589 moritur
1315 1542 1612 1591 memoria:
1637 1549 1859 1592 mortua
1876 1547 2007 1592 sunt

409 1606 539 1666 alia,
585 1619 725 1671 quae
753 1604 959 1657 utinam
988 1606 1176 1656 multis
1207 1604 1408 1657 abhinc
1428 1608 1585 1658 annis
1610 1614 1832 1658 mortua
1867 1606 2006 1657 fuis-
2037 1667 2042 1671 ¹

409 1678 549 1724 sent.
618 1670 760 1723 Mihi
792 1672 957 1725 crede
973 1708 989 1735 ,
1026 1672 1284 1733 Sacrate,
1323 1680 1581 1724 senectus
1617 1688 1742 1724 mea
1768 1673 1862 1723 vix
1889 1674 2004 1723 alio

408 1738 629 1790 nomine
648 1739 783 1790 mihi
802 1740 1015 1807 gratior
1034 1747 1136 1800 est,
1153 1756 1311 1806 quam
1326 1742 1472 1806 quod
1489 1738 1622 1791 mihi
1681 1739 2006 1791 lacidiorem

408 1804 479 1855 ad
500 1806 842 1856 moriendum
866 1808 1011 1857 viam
1046 1813 1297 1857 sternere
1331 1806 1566 1857 videtur.
1661 1813 1826 1873 taque
1858 1821 2004 1857 mor-

407 1874 521 1923 tuis
544 1872 735 1921 amicis
754 1871 897 1922 bene
916 1887 1230 1938 precemur:
1264 1873 1368 1939 ipsi
1391 1888 1493 1923 nos
1517 1872 1586 1921 ad
1604 1872 1746 1923 bene
1767 1876 2006 1924 morien-

411 1938 537 1987 dum
561 1936 810 2001 quotidie
834 1952 1242 2003 praeparemus.
1309 1938 1396 1990 De
1417 1939 1645 1989 silentio
1663 1947 1781 2001 tuo,
1821 1953 2002 2006 neque

410 2016 507 2053 cur
526 2007 584 2051 te
604 2016 827 2068 purges,
849 2019 1017 2053 causa
1074 2004 1186 2055 ulla
1208 2010 1317 2068 θείς
1339 2020 1516 2071 neque
1536 2004 1682 2055 ullus
1703 2013 1882 2055 metus
1896 2040 1912 2067 ,
1931 2018 2004 2055 ne

407 2066 545 2119 mihi
583 2079 880 2134 propterea
914 2071 1094 2121 minus
1131 2086 1292 2122 carus
1315 2072 1410 2121 sis.
1503 2070 1727 2122 Partem
1761 2071 2002 2137 aliquam

409 2135 742 2202 scriptorum
780 2150 1029 2187 meorum
1065 2138 1176 2188 iam
1213 2137 1283 2187 ad
1324 2144 1380 2188 te
1415 2138 1721 2199 misissem,
1777 2136 1887 2189 nisi
1931 2136 2001 2187 de

411 2201 664 2253 omnibus
685 2202 849 2253 simul
869 2201 1099 2254 edendis
1119 2205 1444 2269 cogitarem.
1486 2203 1545 2255 Si
1567 2210 1751 2254 tamen
1774 2204 2004 2269 longum

408 2268 512 2319 tibi
532 2268 751 2319 videtur
769 2268 1261 2335 exspectare,·dum
1281 2270 1340 2319 id
1361 2271 1474 2332 fiat,
1497 2286 1606 2320 non
1627 2285 1845 2331 recuso,
1907 2270 2002 2319 uin

408 2336 627 2386 interea
655 2336 869 2385 mittam
904 2334 975 2383 ad
999 2341 1057 2384 te
1076 2334 1290 2401 aliquid
1307 2337 1530 2403 proprie
1553 2343 1730 2399 tuum3
1772 2352 1882 2403 quo
1938 2340 2006 2385 tu

410 2400 661 2451 Venetiis
682 2401 1059 2451 excudendum
1082 2415 1262 2451 cures.
1331 2403 1390 2454 ld
1411 2405 1538 2453 site
1559 2404 1704 2453 velie
1727 2402 2004 2469 significa-

408 2468 587 2525 veris,
626 2466 683 2514 in
712 2481 800 2517 me
826 2480 985 2516 mora
1015 2482 1125 2517 non
1147 2470 1256 2517 erit
1273 2468 1403 2519 ulla.
1475 2466 1586 2519 Pro
1608 2468 1782 2519 fratre
1802 2478 1900 2519 tuo
1917 2482 2004 2519 se·

408 2530 521 2579 mel
554 2530 665 2579 iam
698 2544 817 2579 rem
854 2532 1093 2582 divinam
1143 2531 1282 2594 feci,
1342 2534 1660 2600 utinamque
1707 2536 2002 2586 litaverim.

410 2593 574 2654 Quod
610 2608 837 2660 sperare
875 2611 963 2646 me
1002 2602 1061 2646 et
1094 2596 1209 2647 Dei
1243 2598 1561 2659 clementia,
1615 2606 1677 2649 et
1711 2606 2010 2667 perspecta

410 2660 584 2725 ipsius
604 2658 853 2723 probitas
873 2661 1045 2713 iubet.
1081 2660 1657 2729 Vale.prid.ld.Febr.
1671 2680 2007 2717 unnxxxtv.
