2275 3025
410 178 671 258 EPIS'IJ.
709 177 863 231 LIB.
886 177 994 229 111.
1017 178 1137 230 ΕΡ.
1168 177 1459 232 xxvnl.
1483 177 1706 230 XXIX.
1777 179 1875 230 241

276 280 448 332 etiam
475 279 885 347 improbitatem
914 293 1069 330 suam
1099 277 1430 340 declaravit,
1460 278 1556 345 qui
1580 278 1639 329 id
1659 293 1881 358 quoque

280 345 541 397 suffurari
574 345 848 405 voluerit,
888 359 957 396 ex
991 361 1099 412 quo
1134 346 1204 395 ad
1232 359 1293 395 se
1327 344 1548 410 quidem
1575 342 1717 395 nibil
1735 360 1883 396 com-

244 433 249 442 ·
276 415 461 476 modi,
488 413 558 462 ad
586 426 673 463 me
696 418 878 462 autem
900 410 1113 478 aliquid
1134 411 1472 461 incommodi
1495 417 1887 476 perventurum

277 484 449 530 esset.
471 479 612 529 Peto
629 477 802 543 igitur
816 482 937 539 ate,
958 479 1190 543 primum
1210 482 1270 527 ut
1289 491 1415 526 meo
1439 477 1636 527 dolore
1658 475 1882 540 (l‘olea03

276 544 481 596 deinde
502 552 562 595 ut
574 543 646 594 ad
660 558 746 593 me
769 557 927 608 quam
982 546 1177 594 rimum
1199 549 1413 609 septem
1433 543 1532 593 illa
1548 543 1726 608 prima
1744 541 1885 593 folia

276 613 491 662 mittas:
516 616 768 660 octavum
792 613 934 661 enim
995 610 1154 662 aben.
1177 610 1301 676 Ego
1315 615 1500 660 autem
1523 609 1792 660 missurus
1813 608 1884 659 ad

277 682 339 726 te
376 677 563 727 statim
590 692 710 726 sum
740 677 1258 741 interpretationem
1285 675 1628 726 Graecorum
1659 680 1717 725 et
1741 673 1883 725 indi-

282 756 405 792 cem
442 757 657 802 eorum,
692 757 831 808 quae
854 758 887 792 a
905 743 1152 793 librariis
1179 748 1413 810 peccata
1441 747 1588 793 sunt.
1657 739 1798 792 Vale
1825 745 1886 792 et

281 822 371 862 me
398 821 536 862 ania.
558 809 783 860 Romae.
807 824 895 860 111.
918 809 1048 861 ldus
1068 809 1284 860 Ianuar.
1309 821 1602 860 nnnxxxt.

660 1103 892 1155 xxm.
930 1117 1151 1155 arnum
1187 1118 1511 1156 nonu-o.

349 1169 569 1253 velim
593 1200 701 1252 hoc
718 1202 855 1253 mihi
877 1203 1091 1264 credas,
1104 1201 1336 1256 Sacrate
1357 1203 1433 1254 mi
1452 1203 1658 1272 optime
1677 1212 1737 1252 et
1755 1201 1888 1255 ami-

282 1269 531 1331 cissime,
554 1283 665 1318 non
686 1274 741 1318 te
763 1271 1047 1322 ardentius
1070 1285 1274 1335 cupere
1295 1270 1512 1321 littera·
1533 1284 1704 1330 meas,
1727 1283 1889 1338 quam

282 1349 397 1402 ego
420 1337 490 1386 ad
511 1341 567 1386 tc
598 1341 656 1388 et
676 1335 1009 1388 creberrime
1044 1342 1101 1388 et
1121 1337 1448 1405 longissime
1477 1337 1544 1387 de
1564 1341 1687 1386 toto
1706 1349 1892 1386 rerum

282 1416 534 1454 mearum
566 1407 717 1454 statu
744 1403 991 1454 scribere
1021 1406 1205 1468 cupio.
1280 1403 1392 1456 Sed
1420 1405 1501 1454 ita
1519 1402 1692 1453 multa
1749 1403 1890 1452 uoti-

286 1468 383 1521 die
402 1469 795 1531 interveniunt,
809 1484 949 1536 quae
970 1484 1057 1520 me
1079 1471 1262 1523 varias
1282 1471 1338 1522 in
1359 1476 1546 1537 partes
1558 1469 1738 1520 disti-a
1777 1473 1892 1530 ant,

284 1540 355 1586 ut
370 1536 647 1587 interdum
669 1537 761 1587 vix
782 1536 1094 1601 respirandi
1118 1540 1294 1589 otium
1310 1538 1489 1588 detur.
1551 1536 1748 1601 ltaque
1767 1549 1893 1585 cum

287 1600 385 1651 hic
420 1605 629 1653 amicos
672 1609 727 1652 et
763 1603 1031 1667 plurimos
1080 1612 1139 1654 et
1183 1602 1604 1668 potentissimos
1641 1600 1893 1660 habeam,

289 1680 419 1719 eum
447 1668 631 1717 omnia
663 1665 799 1717 mihi
818 1666 925 1717 Dei
944 1668 1222 1717 beneficio
1242 1682 1354 1716 non
1374 1666 1541 1717 modo
1563 1665 1634 1714 ad
1657 1678 1897 1714 commo-

291 1732 365 1783 de
382 1768 398 1794 ,
424 1733 524 1785 sed
559 1733 631 1782 ad
662 1732 815 1783 laute
837 1732 1208 1796 acmagnifice
1228 1732 1518 1781 vivendum
1541 1729 1752 1783 affatim
1774 1744 1898 1795 nup-

292 1804 507 1868 petant‚
549 1812 670 1847 cum
704 1810 793 1847 me
832 1797 1072 1848 libenter
1110 1810 1306 1847 omnes
1326 1797 1568 1857 videant,
1609 1812 1733 1846 cum
1755 1794 1900 1913 agud

298 1878 494 1915 omnes
509 1863 733 1913 ordines
744 1864 1025 1928 gratiosus
1048 1864 1150 1913 sim
1165 1864 1366 1913 tmaior
1383 1877 1471 1913 me
1492 1870 1675 1913 tamen
1697 1862 1754 1913 in
1816 1862 1900 1911 ies

294 1929 453 1981 urbis
472 1931 703 1979 satietas
722 1930 974 1995 percipit.
1050 1929 1284 1990 Quando
1305 1931 1451 1981 enim
1470 1931 1647 1980 vivam
1660 1965 1675 1991 ,
1706 1929 1756 1979 si
1774 1932 1904 1995 post

296 2002 389 2047 tot
405 2010 581 2047 annos
602 1994 1044 2047 laboriosissime
1067 2002 1225 2047 actos
1253 2010 1322 2047 ne
1359 1996 1481 2047 seni
1501 1997 1723 2062 quidem
1744 1995 1901 2062 quies

300 2062 417 2113 ulla
438 2062 792 2112 conceditur?
810 2063 963 2114 Alius
983 2078 1099 2126 me,
1130 2064 1346 2130 negotii
1377 2063 1465 2114 sui
1491 2076 1689 2123 causa,
1731 2060 1902 2111 cursi-

299 2134 423 2179 tare
442 2142 544 2193 per
578 2128 769 2180 urbem
802 2130 957 2180 iubet
986 2136 1045 2181 et.
1064 2130 1232 2183 modo
1254 2129 1416 2191 bunc,
1438 2129 1608 2181 modo
1641 2128 1798 2178 illum
1835 2139 1905 2177 ex

300 2193 626 2273 proceribus
648 2198 946 2248 convenire
964 2212 1033 2247 ac
1054 2197 1205 2249 collo
1247 2199 1301 2247 ui
1315 2198 1482 2259 ;alius
1501 2192 1906 2260 sepulchralem

301 2260 721 2325 inscriptionem
742 2263 905 2327 petit3
928 2264 1069 2315 alius
1132 2279 1204 2315 uo
1261 2265 1318 2313 in
1337 2270 1504 2329 ponte
1527 2261 1715 2325 aliquo
1735 2264 1832 2307 aut
1847 2256 1906 2307 in

302 2326 424 2377 basi
440 2327 675 2379 alicuius
698 2334 915 2379 statuae
937 2331 1104 2381 inseri
1149 2336 1227 2392 τῆς
1249 2336 1336 2381 est
1357 2331 1449 2394 qui
1470 2326 1632 2377 huius
1647 2330 1742 2374 aut
1753 2324 1906 2375 illius

308 2394 601 2461 scriptoris
623 2394 805 2460 locum
836 2396 941 2447 sibi
965 2396 1203 2463 aliquem
1226 2394 1502 2446 declarari
1523 2390 1794 2457 postulet3
1820 2396 1908 2441 est

307 2460 402 2527 qui
450 2460 774 2525 epistolam,
806 2476 1051 2523 carmen,
1083 2463 1394 2513 orationem
1434 2457 1744 2519 emendari,
1783 2462 1906 2518 aut,

308 2526 456 2592 quod
478 2526 752 2577 interdum
774 2529 955 2579 minus
973 2528 1268 2579 molestum
1289 2534 1394 2587 est,
1415 2530 1593 2575 totum
1612 2522 1812 2589 refingi
1844 2537 1910 2573 ac

307 2592 499 2643 recudi
536 2594 688 2644 velit.
732 2593 845 2647 Iam
867 2599 1124 2660 quantum
1148 2592 1282 2663 mibi
1301 2594 1570 2660 temporis
1583 2590 1792 2643 auferri
1815 2604 1910 2703 gu-

307 2664 395 2709 tas
426 2660 495 2710 ab
520 2659 671 2723 istis,
706 2661 827 2726 qui,
857 2660 1076 2727 quoties
1114 2661 1222 2727 ipsi
1255 2658 1397 2713 nihil
1415 2658 1564 2727 quod
1591 2663 1788 2725 agant,
1855 2668 1910 2703 a·

374 2736 638 2787 Muanr.
676 2736 785 2789 Er.
1877 2740 1896 2758 ”
