2275 3025
479 158 743 214 EPIST.
780 158 934 212 Lm.
971 159 1078 214 111.
1113 159 1235 214 ΕΡ.
1271 161 1373 215 VI:
1406 161 1538 215 Vll.
1576 161 1741 216 vlu.
1813 163 1917 216 21⁴1

737 259 868 312 vn.
908 274 1133 315 mmmm
1170 275 1469 314 unw’rro

375 327 722 427 Epistulam
739 361 973 426 meam*)
996 361 1102 413 tibi
1119 361 1348 430 probari
1367 361 1585 429 gaudeo
1599 378 1613 412 ε
1626 376 1692 413 eo
1713 364 1913 430 magis,

307 426 476 494 quod,
499 442 568 492 ue
589 442 752 478 secus
771 428 1078 489 accideret,
1099 428 1350 479 verebar.
1409 427 1747 495 Scripseram
1770 431 1915 480 enim

302 494 524 559 raptim,
565 507 745 560 neque
785 495 908 561 ipse
945 493 1081 546 mihi
1116 511 1208 546 ma
1250 509 1456 562 nopere
1497 494 1911 557 satisfeceran13

305 575 452 611 nunc
471 565 530 611 te
551 559 752 622 fretus,
788 567 1102 612 ceterorum
1136 561 1195 612 iu
1235 561 1347 613 icia
1381 576 1491 613 non
1533 563 1909 612 extimescam.

305 624 449 677 Nam
477 626 627 693 quod
656 627 871 678 caelum
896 626 1151 678 ltalieum
1179 628 1313 679 mihi
1334 627 1612 694 profuisse
1636 628 1801 689 dicis,
1825 633 1914 678 est

310 694 533 744 omnino
553 694 610 742 in
631 708 699 744 eo
721 694 956 761 aliquid3
994 695 1096 746 sed
1125 693 1299 746 multo
1337 693 1473 746 mihi
1510 694 1629 762 plus
1667 700 1762 744 tua
1782 708 1911 744 eon-

307 760 546 810 suetudo
569 759 808 826 profuit,
829 775 1008 828 neque
1030 762 1228 813 mirum
1250 769 1359 824 est,
1390 762 1438 812 si
1464 768 1650 812 tecum
1685 760 1911 811 assidue

311 839 576 888 versans,
635 827 882 878 colorem
939 827 1183 910 aliquem
1233 828 1589 896 eloquentiae
1636 826 1909 879 contraxi.

310 892 495 952 Quare
525 893 572 942 si
601 906 673 944 ex
698 893 881 944 animo
909 893 1044 946 milu
1066 894 1380 962 gratulatus
1402 910 1491 958 es,
1531 895 1681 975 quod
1702 908 1808 974 ego
1829 894 1911 946 ita

308 971 461 1020 esse,
543 961 636 1010 uia
671 960 862 1026 cupio,
903 961 1098 1011 eredo:
1139 962 1422 1028 gratulare
1450 967 1639 1026 potius
1660 959 1908 1029 tibiipsi,

307 1025 403 1092 qui
452 974 597 1077 «εἷος
647 1023 855 1077 habeas
907 1026 1233 1094 discipulos.
1304 1026 1511 1080 Tibulli
1558 1026 1908 1106 principium,

308 1091 458 1158 quod
479 1107 513 1142 a
530 1107 618 1144 me
638 1093 904 1160 requiris,
945 1093 1215 1144 videlicet
1251 1088 1568 1159 μνημονικόν
1587 1096 1724 1140 ἔστιν
1742 1109 1811 1154 up«
1820 1107 1909 1158 αρ-

306 1175 467 1223 τημα.
537 1158 652 1210 lam
665 1157 825 1225 „enim
854 1159 1072 1227 aliquot
1099 1159 1221 1210 dies
1242 1165 1400 1222 suut,
1434 1171 1557 1210 eum
1591 1158 1662 1208 ad
1691 1162 1747 1208 te
1780 1155 1909 1208 misi

307 1223 417 1277 duo
439 1225 615 1290 prima
634 1223 792 1276 folia.
827 1227 1080 1279 Tertium
1103 1241 1225 1277 cum
1240 1223 1325 1278 his
1341 1225 1543 1278 litteris
1562 1223 1911 1291 accipies;**)

308 1301 497 1343 cetera
515 1288 640 1340 καθ’
662 1290 876 1360 ἡμέραν.
924 1293 1062 1344 Ama
1079 1307 1167 1344 me
1194 1299 1252 1345 et
1271 1292 1411 1344 vale.
1456 1291 1740 1361 Epistolas
1761 1297 1905 1352 tuas,

306 1361 371 1408 ut
388 1358 690 1426 diligenter
710 1360 1050 1422 custodiam,
1089 1359 1467 1413 admonendus
1492 1374 1605 1411 non
1630 1373 1779 1424 sum3
1806 1355 1909 1412 sed

306 1433 366 1475 et
384 1425 779 1479 describendas
801 1429 1026 1481 curabo.
1102 1427 1173 1481 V.
1193 1427 1273 1482 ld.
1294 1427 1428 1480 Mai.
1451 1425 1706 1479 Patavio.

707 1644 879 1699 vul.
920 1657 1138 1697 amam
1175 1655 1499 1695 usuum-ro.

373 1707 479 1794 Et
503 1743 676 1795 ardeo
705 1742 1026 1796 incredibm
1057 1740 1244 1793 studio
1274 1740 1460 1791 omnia
1478 1738 1580 1790 obi
1598 1738 1909 1807 prolixissi-

305 1820 395 1860 me
417 1810 740 1876 pollicendi,
764 1817 822 1861 et
841 1822 1040 1861 vereor
1055 1842 1070 1868 ,
1105 1821 1176 1858 ne
1197 1808 1458 1858 incensus
1478 1807 1781 1874 cupiditate
1813 1806 1910 1858 ob·

307 1877 577 1943 sequendi
614 1876 721 1926 tibi
795 1876 919 1926 lura
952 1874 1294 1942 promittam,
1336 1887 1498 1941 quam
1524 1880 1731 1942 postea·
1750 1886 1909 1939 prae·

306 1946 457 1993 stare
477 1941 706 2007 possim.
804 1942 921 1993 llud
947 1941 1052 1992 tibi
1083 1940 1233 1991 omni
1260 1942 1678 1992 asseveratione
1708 1940 1908 1992 confir·

303 2020 416 2069 mo,
428 2022 518 2058 me
537 2006 788 2058 manibus
797 2006 1145 2076 pedibusque
1160 2006 1363 2060 obnixe
1376 2022 1603 2076 operam
1630 2007 1903 2069 daturum,

303 2080 367 2129 ut
396 2073 606 2151 aliquid
637 2086 860 2139 navem,
901 2076 1046 2142 quod
1077 2081 1136 2126 tu
1163 2074 1388 2142 probes.
1460 2072 1571 2127 Sed
1595 2081 1651 2126 te
1674 2087 1907 2141 quaeso,

303 2137 522 2189 Manuti
544 2139 750 2203 optime
771 2147 831 2193 et
853 2142 1191 2195 amicissime
1209 2178 1224 2205 ‚
1262 2141 1380 2193 noli
1411 2140 1573 2209 plura
1601 2154 1636 2191 a
1670 2154 1759 2190 me
1789 2140 1906 2189 exi·

303 2215 469 2273 gere,
498 2219 662 2271 quam
687 2208 834 2260 vires
864 2208 1065 2261 ferant.
1138 2209 1295 2270 Quae
1326 2208 1377 2259 si
1406 2220 1570 2274 pares
1600 2210 1791 2256 essent
1810 2208 1909 2255 aut

305 2270 491 2322 animo
512 2284 637 2322 meo
667 2278 763 2325 aut
791 2276 1041 2342 opinioni
1066 2281 1223 2326 tuae:
1251 2272 1392 2326 nihil
1418 2272 1762 2340 requireres,
1794 2283 1905 2337 quo

306 2336 663 2390 observantia
699 2341 757 2391 in
793 2349 850 2393 te
887 2354 1014 2393 mea
1050 2341 1327 2393 illustrior
1362 2339 1530 2390 foret.
1619 2336 1730 2389 Sed
1767 2335 1909 2389 haec

305 2403 466 2457 ullas.
537 2403 696 2457 Nune
731 2412 789 2458 te
830 2409 1022 2470 orabo,
1065 2408 1241 2475 (quod
1275 2413 1461 2457 tamen
1486 2410 1678 2470 tuapte
1708 2410 1908 2475 sponte

303 2476 361 2523 te
383 2469 658 2523 facturum
679 2470 856 2527 fuisse
877 2475 1163 2537 arbitr-013)
1186 2482 1247 2525 ut
1268 2487 1455 2523 earum
1472 2484 1683 2534 rerum,
1706 2471 1774 2522 de
1796 2470 1914 2537 qui-

303 2536 407 2591 bus
443 2552 620 2605 nuper
655 2539 726 2591 ad
760 2556 852 2593 me
890 2540 1193 2610 seripsIsti‚
1234 2538 1659 2607 impressionem
1698 2534 1913 2591 differri

387 2622 407 2641 ⁸
464 2616 539 2659 Cf.
557 2614 594 2659 1.
613 2628 687 2671 ep.
707 2618 750 2662 0.

369 2674 408 2697 ⁸·
465 2670 536 2716 Cf.
554 2670 594 2715 1.
615 2684 690 2729 ep.
709 2675 735 2717 ‘1
