2275 3025
368 211 378 230 ¹
423 153 525 204 224
963 151 1040 203 M.
1076 151 1136 203 A.
1174 150 1493 204 MURETI

419 250 722 306 simillimis
741 252 965 303 litteris.
1036 251 1118 304 Ad
1137 267 1275 319 quas
1297 267 1405 319 ego
1426 251 1559 319 quia
1577 250 1877 304 distractus
1898 251 2030 304 aliis

419 320 571 371 curis
589 325 702 370 tam
723 321 1149 386 copiose,quam
1170 319 1389 380 vellem,
1404 318 1749 384 respondere
1768 333 1879 368 nou
1896 333 2028 384 pon·

417 402 564 448 num,
591 386 829 438 strictim
859 386 1059 437 saltem
1077 385 1301 453 singula
1320 399 1512 436 eorum
1534 386 1719 452 capita
1738 385 2025 452 attingam.

419 451 664 504 Primum
684 454 856 520 igitur
876 467 911 502 a
927 458 1011 514 te,
1051 458 1315 519 quantum
1334 466 1423 502 me
1444 465 1595 503 amas
1608 488 1623 513 ,
1658 457 1873 502 tantum
1890 457 2025 516 peto

417 526 586 586 atque
607 520 904 581 contendo,
925 526 988 570 ut
1008 519 1195 570 omnia
1211 519 1420 585 potius,
1443 533 1585 585 quae
1606 524 1883 585 negantur
1900 517 2027 568 fieri

495 601 606 649 sse,
622 593 888 638 eventura
909 586 1391 650 existimes,quam
1406 593 1471 636 ut
1526 586 1785 651 uicquam
1805 585 1874 635 de
1894 599 2023 634 meo

417 669 478 704 m
495 658 792 720 teamore,
821 658 932 714 aut,
960 657 1021 702 ut
1051 653 1235 702 verius
1257 652 1436 702 dicam
1453 686 1469 713 ,
1530 665 1561 701 e
1578 666 1705 702 mea
1723 653 1835 702 tuis
1855 651 2025 702 uirtu-

418 720 568 771 tibus
591 726 650 769 et
672 717 1086 770 iucundissimis
1106 720 1165 769 in
1184 732 1272 768 me
1296 718 1494 768 officiis
1516 718 1707 768 debita
1726 718 2025 770 observan-

418 785 502 837 tia
528 783 870 836 detrahatur.
940 783 1209 834 Gratulor
1237 784 1342 834 tibi
1370 784 1439 834 de
1469 791 1803 850 recuperata
1827 783 2024 835 matris

417 851 766 913 valetudine,
795 851 882 904 cui
912 851 1080 901 etiam
1108 851 1215 916 ipsi
1240 865 1273 902 a
1290 866 1377 904 me
1397 851 1633 902 salutem
1656 851 1837 914 dicas,
1860 851 2024 916 eique

418 931 545 969 meo
567 918 790 968 nomine
807 918 1107 984 gratuleris
1125 917 1322 981 velim3
1360 924 1497 984 puto
1521 931 1669 979 eam,
1729 931 2025 984 uamquam

419 983 596 1036 semel
619 989 832 1035 tantum
853 999 886 1034 a
901 998 990 1034 me
1012 985 1207 1046 visam,
1225 983 1393 1038 facile
1420 991 1603 1036 tamen
1635 998 1697 1034 re
1738 985 1937 1035 ituram
1963 983 2025 1033 iu

417 1051 742 1102 memoriam
778 1052 906 1101 mei.
981 1050 1143 1111 Quod
1184 1051 1255 1101 ad
1281 1057 1336 1102 tc
1365 1052 1589 1118 scripsit
1624 1050 1875 1112 Laeliae,
1910 1063 2024 1100 ma·

419 1133 584 1185 guam
605 1119 856 1185 quotidie
877 1133 988 1168 non
1010 1118 1429 1168 adolescentum
1448 1118 1639 1179 modo,
1660 1117 1761 1167 sed
1781 1117 2026 1167 omnium

418 1189 666 1236 aetatum
695 1191 860 1251 atque
892 1184 1147 1235 ordinum
1166 1184 1574 1235 multitudinem
1599 1183 1669 1233 ad
1688 1198 1775 1233 me
1797 1183 2025 1234 audieu-

419 1251 546 1301 dum
568 1252 860 1311 ventitare,
891 1263 1025 1300 sane
1045 1251 1393 1302 verissimum
1415 1257 1517 1312 est,
1538 1251 1733 1317 idque,
1754 1255 1817 1300 ut
1833 1263 2026 1300 verum

417 1315 619 1378 fatear,
638 1317 748 1382 ipsi
769 1313 904 1366 mihi
922 1317 1223 1382 permirum
1243 1318 1423 1368 videri
1442 1318 1607 1368 solet.
1678 1315 1821 1367 Nam
1840 1324 1898 1367 et
1914 1315 2024 1366 Ro·

417 1397 542 1434 mae
561 1396 746 1431 rarum
766 1382 823 1432 id
846 1388 951 1442 est,
975 1388 1034 1431 et
1053 1393 1161 1448 ego
1185 1383 1243 1431 in
1263 1398 1352 1433 me
1372 1382 1511 1434 nihil
1531 1384 1714 1435 sentio
1727 1420 1742 1445 ,
1774 1389 2024 1449 quotan-

417 1455 480 1500 ta
518 1446 802 1499 hominum
837 1447 1024 1498 studia
1061 1449 1393 1500 excitentur.
1464 1450 1577 1502 Sed
1615 1449 1835 1518 quaudo
1874 1454 2023 1512 sunt,

419 1516 514 1583 qui
533 1516 700 1567 aliter
718 1516 977 1578 sentiant,
1015 1516 1246 1567 intendo
1284 1516 1541 1584 equidem
1582 1532 1774 1568 omnes
1810 1516 2025 1583 ingenii

417 1598 620 1635 nervon
648 1582 716 1634 ad
753 1583 1191 1634 conservandam
1221 1596 1367 1646 eam,
1400 1598 1542 1650 quae
1568 1585 1637 1635 de
1662 1599 1751 1635 me
1778 1584 2025 1635 excitata

418 1656 528 1713 est,
561 1651 907 1718 opinionem3
938 1650 1038 1701 sed
1059 1651 1325 1703 duratura
1344 1666 1436 1715 ea,
1464 1666 1567 1702 nec
1587 1666 1658 1701 ne
1678 1651 1775 1713 sit,
1804 1650 1949 1699 θεῶν
1968 1650 2024 1697 ev

415 1714 632 1783 γούνασι
651 1724 831 1769 κεῖται.
899 1713 987 1767 De
1017 1718 1163 1769 libro
1190 1717 1493 1780 Victorini,
1516 1733 1680 1786 quem
1700 1732 1787 1767 me
1806 1716 1935 1777 tibi,
1958 1722 2023 1767 ut

416 1799 562 1835 nunc
581 1783 638 1833 lo
681 1785 878 1845 uimur,
899 1784 1213 1835 dicaturum
1230 1784 1516 1851 pollicitus
1536 1800 1655 1834 sum
1669 1820 1685 1847 ,
1718 1784 1836 1834 noli
1866 1781 2020 1833 dubi-

415 1858 556 1900 tare.
680 1866 752 1899 un
793 1866 918 1900 uam
955 1853 1181 1901 omnino
1216 1853 1465 1903 amittam
1498 1866 1624 1906 eum
1668 1864 1699 1900 e
1746 1849 2019 1911 manibus,

415 1916 524 1965 nisi
545 1914 738 1964 addito
783 1916 1042 1966 uculento
1070 1917 1259 1983 aliquo
1280 1919 1605 1969 testimonio
1627 1916 1904 1967 amicitiae
1923 1931 2019 1969 no·

416 1986 585 2030 strae.
656 1979 878 2031 Interea
901 1982 1058 2031 mitto
1086 1982 1156 2031 ad
1186 1988 1241 2031 te
1272 1984 1583 2049 exemplum
1620 1980 2017 2043 oratiunculae,

417 2060 582 2113 quam
601 2043 693 2096 hic
713 2044 881 2096 habui
908 2048 1088 2111 pridie
1117 2048 1239 2098 eius
1258 2048 1393 2110 diei,
1414 2066 1523 2117 quo
1546 2050 1671 2115 cepi
1698 2047 2018 2100 Aristotelis

415 2111 621 2164 Ethica
639 2113 1068 2179 interpretari&
1108 2114 1325 2166 Vereor
1346 2118 1659 2180 omnino,ut
1678 2118 1817 2167 satis
1838 2129 2020 2167 enien-

417 2181 546 2245 date
569 2180 908 2247 descriptum
929 2181 1028 2232 sitz
1049 2197 1173 2231 nam
1199 2183 1349 2249 quod
1368 2199 1533 2235 unum
1554 2198 1678 2237 mea
1702 2198 1867 2235 manu
1882 2180 2020 2233 scri·

416 2255 572 2314 ptum
610 2246 900 2309 habebam,
937 2248 997 2300 id
1020 2249 1359 2317 Callippides
1378 2250 1577 2314 ille‚**)
1610 2250 1679 2301 de
1700 2265 1810 2317 quo
1850 2249 2019 2300 etiam

415 2316 698 2381 prioribus
735 2315 938 2366 litteris
975 2316 1186 2383 aliquid
1224 2318 1439 2383 scripsi,
1482 2317 1623 2367 duos
1660 2318 1771 2369 iam
1798 2322 2018 2367 meuses
2086 2360 2093 2375 ,

417 2381 562 2446 apud
602 2396 664 2431 ne
702 2380 922 2445 habuit,
960 2397 1140 2450 neque
1180 2380 1360 2433 adhuc
1398 2392 1733 2450 extorquere
1772 2397 2017 2449 possum.

473 2490 535 2597 ’7¹3
565 2492 1096 2601 ἓᾞῗῆρνρῖἒίξντᾶοιὶιιιῐο
1127 2550 1362 2590 mactator
1389 2548 1556 2602 aliqui·
1589 2548 1889 2601 intelligitur,
1929 2563 2016 2605 quo

416 2612 550 2642 uentu
572 2605 620 2641 et
639 2602 742 2653 ipsc
762 2602 966 2643 Muretus
987 2602 1023 2643 1.
1045 2615 1120 2655 ep.
1141 2600 1524 2658 sac-nippidem
1552 2616 1602 2645 sc
1622 2608 1770 2646 vocnt.
1798 2605 1858 2647 V.
1878 2606 2019 2649 Ern-

416 2666 534 2697 ιιιιιιι
557 2654 704 2709 Adag.
725 2659 822 2698 ua.
841 2654 902 2709 [Ι.
925 2658 963 2697 6.
987 2658 1076 2709 433,
1105 2655 1328 2701 Theman·
