2275 3025
389 162 488 214 188
923 162 1001 213 Μ.
1037 163 1097 214 Α.
1134 161 1458 214 MURETI

383 269 497 314 tur:
536 267 668 328 peto
690 269 874 313 tamen
895 277 930 312 a
964 268 1049 324 te,
1070 269 1133 313 ut
1165 261 1274 314 hoe
1304 265 1564 330 exiguum
1600 263 1994 318 observantiae

386 330 445 380 in
484 338 539 380 te
578 343 735 380 meae
772 329 975 395 pignus
1000 330 1277 395 tantisper
1305 344 1484 396 aequo
1514 330 1697 380 animo
1725 331 1993 398 accipias,

388 395 516 446 dum
536 409 603 446 ea
622 395 875 461 perpolio
898 395 1242 463 diligentius,
1266 411 1406 462 quae
1429 397 1711 462 praesenti
1739 397 1844 447 tibi
1901 413 1992 449 ro-

386 463 575 525 missa‚
595 462 751 512 brevi
770 476 859 512 me
876 464 935 513 in
952 468 1052 514 tuo
1068 463 1292 514 nomine
1304 463 1582 516 editurum
1595 477 1722 514 esse
1743 478 1848 515 eon
1895 464 1986 515 do.⁸

385 527 546 580 Vale.
566 527 839 580 Venetiis.
864 528 981 579 Cal.
1006 527 1235 580 Octobr.
1256 541 1438 580 nnnv.

605 871 738 925 XV.
792 871 873 924 Μ.
908 871 1327 925 ANTONIUS
1369 872 1768 926 MURETUS

685 969 735 1007 s·
774 971 824 1008 r.
863 970 922 1006 υ.
962 970 1264 1007 Annuno
1302 958 1695 1020 runxssno.*)

456 1019 620 1108 Cum
662 1071 734 1108 ex
766 1056 930 1107 Italia
956 1064 1156 1108 octavo
1186 1062 1318 1124 post
1343 1071 1490 1106 anno
1517 1055 1574 1107 in
1595 1056 1833 1124 Galliam
1851 1052 1991 1110 mihi

390 1139 516 1177 esse
538 1123 877 1176 redeundum
895 1122 1161 1186 viderem,
1181 1123 1427 1175 iudicavi
1444 1121 1568 1174 fore
1579 1159 1595 1186 ‚
1616 1128 1680 1174 ut
1697 1122 1832 1175 mihi
1847 1125 1988 1175 vitio

388 1195 743 1252 verteretur‚¹
772 1191 823 1241 si
855 1205 926 1242 ex
952 1191 1184 1257 regione
1205 1188 1594 1257 copiosissima
1613 1195 1673 1240 et
1692 1190 1855 1242 bonis
1877 1205 1992 1241 ome

389 1258 551 1309 nibus
572 1255 1047 1308 abundantissima
1060 1293 1077 1318 ,
1107 1258 1163 1307 in
1200 1272 1313 1324 qua
1330 1261 1419 1306 tot
1437 1271 1610 1307 annos
1633 1263 1884 1308 versatus
1905 1271 1993 1308 es·-

390 1338 509 1374 sem
525 1359 542 1384 ‚
576 1323 818 1374 redirem
851 1323 921 1373 ad
942 1337 1098 1376 meos
1129 1323 1312 1374 inanis
1347 1323 1536 1390 aliqua
1554 1338 1614 1374 re
1636 1323 1913 1391 exquisita
1932 1329 1994 1374 et

388 1388 651 1450 visenda,
688 1403 795 1454 qua
830 1403 1056 1453 possem
1090 1383 1534 1455 ἀντιφιλοφρονεῖν
1574 1405 1702 1452 eos,
1744 1390 1839 1457 qui
1873 1395 1991 1440 tam

390 1457 561 1523 longo
581 1454 878 1511 intervallo
909 1455 1121 1505 salvum
1140 1455 1387 1517 venisse,
1426 1461 1488 1507 ut
1526 1456 1605 1518 fit,
1645 1456 1990 1523 gratularen-

390 1530 499 1575 tur.
570 1521 744 1582 Quam
786 1537 909 1572 uam
942 1522 1115 1589 igitur
1166 1527 1289 1574 toto
1329 1524 1794 1589 peregrinationis
1831 1538 1990 1575 meae

390 1597 641 1656 tempore
661 1595 750 1640 stu
790 1590 1068 1640 iosissime
1089 1588 1352 1651 feceram,
1374 1595 1436 1639 ut
1455 1595 1674 1640 veteres
1691 1588 1990 1641 bibliothe-

390 1673 483 1709 eas
496 1694 511 1719 ‚
549 1670 689 1723 quae
709 1656 826 1706 illio
846 1656 1113 1722 plurimae
1134 1672 1202 1707 ae
1222 1656 1625 1723 pulcherrimae
1647 1662 1800 1716 sunt,
1824 1672 1990 1708 exeu-

390 1732 595 1785 terem,
628 1724 994 1776 belussimum
1024 1725 1284 1792 quodque
1302 1760 1319 1785 ‚
1353 1722 1502 1790 quod
1521 1738 1624 1773 suo
1645 1730 1895 1791 tempore
1916 1723 1990 1775 ad

386 1806 547 1843 usum
566 1788 849 1842 hominum
868 1790 1253 1857 depromerem
1268 1828 1283 1853 ,
1305 1788 1655 1845 conditurus:
1686 1796 1874 1843 tamen
1906 1791 1989 1841 ul-

386 1857 538 1909 timis
558 1856 672 1907 illis
694 1855 917 1918 diebuS‚
954 1858 1153 1937 quibus
1191 1858 1400 1908 Romae
1441 1856 1541 1918 fui,
1580 1856 1780 1908 maiori
1820 1857 1990 1909 etiam

387 1922 574 1975 studio
596 1921 667 1971 ad
690 1936 811 1972 eam
833 1938 951 1973 rem
967 1924 1216 1975 incubuit
1244 1924 1415 1975 insita
1442 1929 1499 1973 et
1529 1924 1738 1974 usitata
1756 1922 1990 1976 homini-

386 1989 491 2040 bus
515 1988 933 2049 consuetudine,
974 1990 1280 2041 ardentiori
1299 1989 1506 2041 affeetu
1525 1990 1798 2041 tractandi
1819 1996 1988 2057 atque

389 2054 760 2121 amplectendi
778 2068 870 2116 ea,
893 2055 1091 2121 quibus
1130 2070 1192 2107 se
1230 2055 1396 2123 paulo
1426 2062 1559 2122 post
1597 2058 1870 2107 carituros
1889 2056 1988 2108 ,vi-

389 2121 540 2174 dent.
611 2119 789 2188 Saepe
828 2128 1010 2173 autem
1048 2124 1366 2174 audiveram
1405 2123 1779 2174 commendari
1798 2123 1869 2173 ab
1889 2120 1990 2173 ho-

389 2189 627 2240 minibus
670 2188 905 2239 eruditis
960 2190 1221 2241 volumen
1278 2189 1555 2257 quoddam
1601 2190 1816 2256 peranti
1858 2204 1989 2239 uum

386 2254 573 2322 Philip
613 2258 822 2307 icarum
842 2255 918 2306 Μ.
932 2256 1284 2325 Tullii,quod
1309 2262 1690 2308 asservaretur
1707 2257 1766 2306 in
1785 2256 1842 2305 bi
1881 2256 1988 2305 lio-

337 2322 351 2327 ”
386 2322 554 2374 theca
624 2324 861 2383 aticana,
900 2337 1009 2374 non
1047 2325 1102 2373 in
1129 2325 1342 2375 maiore
1371 2323 1593 2390 quidem
1617 2323 1718 2373 illa
1737 2318 1986 2389 et'augu-

388 2390 589 2450 stiore,
611 2403 751 2456 quae
770 2390 1091 2455 pontificum
1111 2389 1386 2440 beneflcio
1408 2391 1660 2455 quotidie
1679 2388 1800 2440 fere
1820 2388 1986 2439 statis

390 2453 544 2503 horis
587 2460 778 2518 patere
827 2454 900 2505 ad
944 2470 1289 2505 communem
1326 2456 1704 2517 studiosorum
1743 2454 1990 2505 omnium

390 2518 689 2572 utilitatem
728 2522 1042 2584 consuevit3
1082 2522 1184 2571 sed
1220 2522 1278 2570 in
1315 2519 1506 2571 abdita
1537 2521 1776 2588 quadam
1797 2526 1856 2572 et
1872 2534 1987 2570 non

446 2616 485 2669 ¹)
516 2614 778 2658 Prae-nina
791 2620 863 2658 est
880 2616 1076 2670 epistola
1097 2618 1290 2660 editioni
1310 2616 1692 2673 Philippicarum,
1715 2619 1789 2664 eui
1808 2616 1989 2664 scholia

390 2675 494 2715 snut
511 2669 710 2721 adiectu
730 2683 805 2725 ap.
824 2670 1003 2714 Ruhuk.
1023 2670 1083 2715 Τ.
1100 2670 1167 2715 11.
1188 2685 1293 2727 pag.
1314 2675 1411 2716 ⁹¹15.
