2275 3025
395 157 497 208 24⁰
921 157 1002 205 M.
1041 158 1102 205 A.
1138 153 1369 206 MURE
1382 153 1467 205 TI

397 252 612 306 nusculi
632 255 892 318 parem,*)
930 256 1093 314 scies,
1134 269 1259 304 cum
1298 254 1531 322 primum
1550 267 1621 304 ex
1658 253 1864 305 litteris
1880 253 1997 304 tuis
2028 247 2035 250 ’

401 335 618 371 omnem
644 323 785 371 iram
813 335 848 370 a
872 327 928 370 te
950 320 1260 387 depositam
1280 336 1407 372 esse
1428 335 1765 388 cognovero.
1832 319 1996 371 Vale.

401 401 482 438 tv,
505 387 627 438 Kal.
649 387 814 437 Mart.
835 400 1125 437 nnnxxtx.
1148 387 1341 440 Roma.

751 686 1036 739 XXVIII.
1075 703 1294 739 mom«
1333 703 1652 742 smmi-ro.

473 757 656 841 Volo
675 795 751 850 te,
773 788 848 837 mi
869 786 1124 849 Sacrate,
1146 789 1493 840 miseriarum
1512 805 1759 840 mearum
1777 789 1999 854 partici-

408 873 534 926 pem
553 855 768 907 facere:
787 857 868 905 ita
887 856 1032 904 enim
1050 855 1293 905 leviores
1311 857 1569 906 videntur
1587 856 1711 907 fore
1722 891 1738 917 ‚
1759 857 1808 906 si
1830 870 1925 906 eas
1943 857 2005 904 in

411 923 732 974 amicissimi
751 920 988 971 hominis
1003 921 1195 970 ‘sinum
1224 922 1556 988 deposuero.
1626 923 1844 972 Accidit
1869 920 2001 971 mihi

409 991 520 1042 his·
537 990 732 1041 diebus
772 987 1056 1053 quiddam,
1102 988 1251 1053 quod
1291 1003 1377 1039 me
1414 1003 1587 1056 prope
1626 989 1695 1039 ad
1731 989 2003 1039 insaniam

410 1057 626 1124 adegit:
649 1060 800 1108 certe
823 1053 1042 1120 quidem
1060 1055 1141 1104 ita
1160 1055 1538 1117 conturbavit,
1572 1061 1637 1106 ut
1653 1068 1925 1121 nunquam
1945 1054 2005 1102 in

410 1125 528 1175 vita
569 1122 992 1174 commotiorem
1036 1119 1214 1170 fuisse
1260 1135 1348 1172 me
1392 1122 1751 1172 meminerim.
1820 1119 2002 1180 Nosti,

415 1191 634 1256 opinor,
673 1188 1000 1239 facilitatem
1034 1201 1242 1249 meam,
1284 1195 1340 1238 et
1364 1194 1428 1238 ut
1448 1203 1663 1249 omnes,
1702 1189 1797 1254 qui
1817 1191 2007 1236 uotam

415 1255 578 1308 modo
612 1257 684 1305 ali
725 1269 850 1303 uam
878 1251 1235 1304 humanitatis
1262 1269 1393 1319 prae
1420 1269 1481 1304 sc
1512 1253 1661 1304 ferre
1693 1254 2005 1316 yideantur,

413 1324 470 1372 in
491 1321 692 1371 bibliot
733 1334 887 1368 ecam
906 1333 1082 1368 meam
1113 1319 1408 1370 admittere
1435 1321 1627 1387 eisque
1658 1335 1783 1370 mea
1820 1321 2009 1370 omnia

413 1387 630 1453 aperire
652 1401 716 1435 ac
735 1383 1052 1450 patefacere
1073 1385 1303 1435 soleam.
1372 1387 1579 1438 Eorum
1651 1387 1833 1437 uidam
1856 1384 2005 1450 (quis

414 1453 608 1513 fuerit,
645 1451 917 1517 suspicari
953 1465 1202 1516 possum,
1242 1466 1343 1517 pro
1382 1460 1537 1503 certo
1580 1468 1613 1502 a
1640 1454 1856 1502 firmare
1894 1465 2007 1500 non

401 1522 663 1589 possum)
693 1532 867 1585 nuper
895 1517 1025 1568 data
1052 1519 1347 1569 occasione
1368 1520 1553 1570 Plauti
1573 1521 1796 1579 librum,
1818 1520 2004 1583 inquo

368 1630 378 1633 -
417 1587 760 1641 emendando
791 1585 992 1651 viginti
1021 1587 1263 1652 quinque
1293 1601 1467 1637 annos
1492 1593 1551 1637 et
1580 1602 1647 1637 eo
1668 1586 1906 1652 amplius
1926 1585 2007 1633 in·

417 1656 760 1716 sudaveram,
783 1653 932 1704 furto
955 1653 1257 1719 subripuit:
1282 1659 1341 1703 et
1368 1668 1479 1703 una
1504 1669 1624 1703 cum
1654 1667 1722 1703 eo
1744 1652 1887 1702 alios
1906 1650 2007 1699 ali·

417 1729 554 1790 quot
583 1722 785 1782 libros,
827 1736 1058 1787 quorum
1076 1721 1294 1771 iactura
1309 1722 1490 1770 minus
1506 1734 1596 1769 me
1624 1725 1837 1779 movet,
1877 1716 2011 1784 quia

416 1789 626 1840 similes
667 1788 808 1837 alios
846 1788 1080 1852 pecunia
1113 1801 1310 1852 parare
1348 1800 1588 1850 possum.
1660 1785 1889 1835 Plautus
1916 1796 2009 1833 me

417 1855 657 1913 coniicit,
672 1853 902 1903 Plautus
922 1868 1009 1903 me
1029 1854 1185 1917 angit
1218 1860 1276 1903 et
1295 1852 1588 1904 exanimat:
1603 1852 1834 1901 Plautus
1856 1851 2009 1915 quie-

417 1933 574 1969 scere
595 1932 682 1967 me
701 1934 812 1967 non
833 1920 983 1968 sinit.
1054 1918 1353 1969 Perierunt
1380 1923 1467 1968 tot
1486 1933 1751 1968 annorum
1772 1916 2010 1967 sudores

418 1998 484 2033 ac
503 1984 758 2044 viviliae3·
793 1984 1014 2032 ademta
1036 1990 1124 2032 est
1140 1984 1395 2048 voluptas
1411 2020 1426 2045 ‚
1448 2000 1607 2049 quam
1627 1986 1920 2035 maximam
1938 1993 2011 2031 ex

418 2020 819 2100 iuius⁰lectione
841 2049 1411 2113 capieban1;praecisa
1423 2066 1551 2115 spes
1572 2051 2012 2117 gloriobe,quae

420 2131 488 2166 ex
508 2121 594 2167 tot
611 2115 751 2165 locis
772 2115 1079 2164 emendatis
1101 2116 1313 2179 sperari
1334 2120 1749 2183 poterattquam
1773 2116 1878 2166 etsi
1900 2129 2011 2165 non

419 2196 680 2248 aucupor,
695 2181 880 2232 facere
902 2186 1082 2231 tamen
1107 2196 1215 2243 non
1235 2186 1617 2248 possum,quin
1639 2184 1875 2243 doleam,
1888 2194 2010 2233 eam
2029 2202 2073 2217 ‘-

415 2248 553 2301 mihi
593 2263 719 2300 mea
755 2248 1014 2309 stultitia,
1055 2248 1239 2297 aliena
1278 2250 1639 2315 improbitate
1680 2255 2009 2313 surreptam.

415 2317 568 2367 Idem
587 2317 683 2366 ille
705 2316 1024 2381 plagiarius,
1047 2315 1299 2380 quisquis
1320 2321 1647 2381 est,septem
1668 2316 1809 2366 folia
1826 2312 2004 2364 libelli

416 2383 598 2445 mei,*)
619 2388 842 2447 quaetu
863 2382 935 2431 ad
953 2396 1039 2431 me
1060 2381 1311 2443 miseras,
1332 2382 1584 2431 abstulit:
1610 2385 1668 2433 in
1696 2396 1807 2447 quo
1828 2382 2008 2447 magis

489 2478 530 2529 ¹2)
573 2479 816 2521 Dedicavit
853 2480 1056 2521 Muretus
1093 2478 1281 2521 Sat-rato
1320 2479 1685 2521 commentarium
1735 2479 1791 2521 de
1830 2478 2008 2529 origiue

415 2532 545 2580 iuris,
567 2534 638 2573 cui
662 2546 792 2584 quam
813 2536 1050 2587 praemisit
1063 2533 1319 2588 epistolam,
1341 2534 1542 2577 invenies
1562 2532 1622 2573 11.
1646 2535 1711 2573 19.

474 2585 536 2637 ··)
569 2586 894 2630 Commentarii
916 2590 971 2631 de
991 2591 1165 2641 origine
1186 2591 1311 2639 iuris,
1332 2602 1459 2643 quem
1481 2589 1537 2629 ml
1551 2586 1783 2628 sacratum
1804 2590 2009 2635 miserat,

416 2646 468 2681 ut
485 2640 706 2682 edendum
727 2649 928 2693 ουτω-εἰς
960 2644 1019 2685 ef.
1035 2643 1098 2686 11.
1119 2656 1195 2698 ep.
1218 2648 1285 2689 1⁹.
