2275 3025
402 152 501 202 2¹14
936 151 1014 202 Μ.
1050 153 1112 204 A.
1149 153 1468 206 MURETi

401 251 509 302 lius
532 250 849 302 existimare
886 256 1065 318 potes,
1110 269 1270 320 quam
1311 269 1383 304 ex
1420 254 1600 305 animo
1641 254 1857 320 cupiam
1892 253 2005 306 tibi

404 317 1001 368 commendatissimum
1056 333 1182 369 esse
1220 321 1410 370 colam
1449 322 1740 372 Antonium
1780 320 2003 371 Rainal-

402 382 546 443 dum,
588 383 680 448 qui
719 389 775 432 te
816 399 957 433 nunc
986 393 1350 450 praeceptore
1370 386 1498 436 istic
1519 386 1708 436 utitur.
1783 387 2002 452 Cogna-

402 453 490 498 tus
513 453 599 498 est
620 448 709 510 iis,
733 448 929 526 quibus
956 464 1061 516 ego
1085 454 1321 501 maxime
1343 453 1524 518 cupio,
1547 451 1610 500 L.
1633 451 1783 501 Lilio
1807 459 1862 502 et
1887 451 1998 502 Ru-

402 513 525 564 tilio
566 512 781 566 Veteri:
827 528 1059 580 quorum
1094 519 1383 583 utriusque
1423 525 1624 582 rogatu
1664 515 1801 568 haec
1837 517 1909 568 ad
1933 521 1995 568 te

402 580 609 630 scribo,
687 579 878 646 Neque
916 595 1049 632 vero
1090 582 1286 632 abutar
1321 583 1571 648 pluribus
1592 583 1793 633 verbis.
1868 583 1998 633 Hoc

402 650 613 694 tantum
637 645 833 705 dicam,
855 648 1204 712 cogniturum
1232 662 1357 698 esse
1383 663 1468 698 me
1499 663 1569 699 ex
1593 649 1800 709 studio,
1846 648 1996 714 quod

401 711 457 759 in
496 711 649 760 illum
696 710 968 772 conferes,
1011 719 1271 778 quantum
1309 714 1453 780 apud
1490 721 1546 764 te
1585 715 1994 766 commendatio

401 791 525 826 mea
543 777 743 828 valeat.
817 776 1039 837 Quaeso
1060 779 1236 844 igitur
1253 785 1328 842 te,
1354 781 1580 840 efficias,
1601 787 1664 830 ut
1683 781 1741 840 ii,
1769 782 1861 846 qui
1883 778 1994 829 hoc

402 857 435 890 a
456 855 541 891 me
563 843 859 908 petierunt,
899 843 1000 893 tibi
1039 845 1184 909 apud
1223 858 1311 895 me
1337 860 1497 910 quam
1526 847 1794 896 citissime
1830 861 1992 912 quam

401 909 664 958 niaximas
690 910 899 974 gratias
925 917 1107 976 agant.
1180 909 1336 962 Vale.
1365 911 1590 964 Romae.
1620 911 1769 964 Prid.
1797 911 1874 963 ld.
1907 911 1991 962 la-

400 989 553 1025 nuar.

634 1253 758 1306 LV.
803 1256 880 1307 M.
917 1255 1332 1308 ANTONIUS
1367 1255 1756 1309 MURETUS

749 1350 1120 1389 raancrsco
1166 1353 1492 1390 vsxmmo
1537 1354 1584 1391 s.
1621 1354 1679 1389 n.

468 1401 651 1490 Bene
679 1431 848 1496 facis,
885 1436 1032 1500 quod
1070 1443 1125 1486 te
1165 1435 1364 1491 Latine
1405 1439 1698 1490 scribendo
1739 1435 1988 1504 quotidie

405 1514 633 1552 exerces
651 1507 1015 1567 conatumque
1038 1518 1255 1555 omnem
1267 1503 1578 1569 adhibes,ut
1601 1505 1991 1572 praestantiam

404 1568 460 1617 in
482 1583 549 1619 eo
572 1582 777 1646 genere
797 1569 1038 1633 aliquam
1064 1573 1442 1637 consequaris.
1515 1572 1636 1623 Non
1666 1572 1808 1621 enim
1836 1568 1991 1618 dubi·-

404 1641 484 1695 to,
505 1650 635 1701 quin
657 1640 713 1683 et
734 1642 922 1686 cetera
942 1636 1055 1687 vita
1074 1645 1131 1686 et
1148 1637 1300 1687 istud
1321 1644 1470 1688 tuum
1493 1638 1732 1687 studium
1759 1650 1854 1696 eo,
1880 1648 1990 1699 quo

408 1700 589 1762 debet,
632 1700 691 1751 id
711 1706 815 1761 est,
837 1700 907 1752 ad
926 1704 1336 1769 propagandam
1360 1704 1590 1769 gloriam
1615 1702 1819 1753 Christi
1846 1706 1903 1749 et
1921 1698 1994 1749 ad

408 1766 702 1817 ecclesiam
762 1782 825 1817 ro
849 1775 945 1818 tua
964 1769 1110 1818 virili
1130 1776 1293 1833 parte
1308 1770 1376 1819 ab
1401 1770 1694 1820 insultibus
1720 1767 1998 1833 improbo-

407 1846 527 1881 rum
551 1784 951 1883 defendendam
972 1835 1263 1900 dirigatur.
1334 1835 1443 1885 Sed
1469 1835 1600 1900 quid
1620 1842 1674 1884 te
1695 1846 1868 1898 usque
1889 1829 1998 1880 huc

410 1898 766 1957 deterruerit,
807 1914 876 1948 ne
896 1900 967 1949 ad
996 1915 1082 1949 me
1102 1901 1400 1960 scriberes,
1443 1902 1716 1966 dispicere
1741 1897 1999 1963 equidem

412 1978 519 2012 non
542 1977 703 2027 queo.
777 1962 914 2013 Nam
936 1979 1112 2029 neque
1135 1980 1204 2015 ea
1226 1968 1557 2018 auctoritate
1585 1981 1727 2027 sum,
1765 1970 1826 2014 ut
1852 1962 2000 2028 quis-

413 2044 574 2094 quam
613 2027 876 2078 iudicium
912 2044 1090 2081 meum
1127 2032 1308 2081 vereri
1347 2032 1574 2093 debeat3
1616 2038 1672 2081 et
1710 2031 1759 2081 si
1798 2042 2002 2089 essem,

412 2109 623 2145 summa
656 2099 841 2144 tamen
878 2109 1001 2144 mea
1027 2109 1162 2161 erga
1186 2103 1358 2146 totam
1386 2099 1738 2150 sodalitatem
1759 2100 2002 2145 vestram

411 2162 668 2212 voluntas
710 2174 926 2210 omnem
961 2161 1127 2211 istum
1163 2170 1369 2213 metum
1413 2164 1516 2214 tibi
1553 2164 1718 2213 facile
1755 2160 2004 2211 adimere

410 2232 653 2293 poterat:
694 2241 816 2277 cum
855 2234 913 2276 tu
940 2228 1263 2293 praesertim
1298 2230 1379 2279 ita
1415 2232 1644 2291 scribas,
1686 2235 1748 2279 ut
1781 2225 2002 2277 laudem

410 2294 597 2359 potius
620 2299 942 2371 exspectare
962 2294 1029 2343 ab
1058 2296 1310 2347 omnibus
1353 2296 1586 2357 debeas,
1625 2309 1786 2361 quam
1823 2292 2004 2342 cuius-

414 2374 573 2423 quam
611 2358 893 2409 fastidium
933 2362 1315 2411 extimescere.
1387 2362 1532 2413 Cave
1561 2363 1732 2428 igitur
1751 2355 2004 2426 posthac,

418 2424 638 2474 difficile
658 2425 757 2474 tibi
782 2425 1039 2491 quiddam
1061 2433 1225 2491 atque
1247 2426 1474 2478 arduum
1494 2434 1654 2493 putes
1668 2463 1683 2488 ,
1722 2425 1793 2475 ad
1815 2424 2003 2474 Mure-

413 2495 529 2539 tum
550 2490 811 2541 scribere.
881 2491 1042 2541 Hanc
1060 2490 1226 2542 modo
1247 2490 1380 2543 mihi
1411 2494 1626 2545 veniam
1647 2493 1804 2551 dato,
1845 2494 1905 2541 ut
1933 2486 2006 2537 ad

413 2552 631 2603 litteras
652 2561 793 2616 tuas,
816 2570 955 2621 quae
976 2554 1109 2605 mihi
1133 2571 1242 2622 quo
1265 2558 1594 2621 crebriores,
1627 2573 1696 2607 eo
1715 2554 2008 2607 iucundio-

414 2632 505 2681 res
524 2617 743 2668 futurae
764 2627 909 2682 sunt,
931 2622 1172 2672 solutius
1191 2638 1258 2673 ac
1277 2625 1672 2691 negligentius,
1692 2623 1749 2673 id
1771 2626 1879 2685 est,
1898 2618 2007 2673 hoc
