2275 3025
365 139 624 192 EPIST.
660 135 814 192 Lm.
850 141 889 193 1.
927 140 1044 195 ΕΡ.
1079 142 1325 196 XXXV.
1366 144 1642 197 xxxvl.
1730 144 1789 195 61

203 243 358 295 libet
393 242 612 291 ratione
649 247 962 309 superatum
993 243 1080 293 iri.
1154 242 1263 295 Sed
1302 239 1553 309 ἀργαλέον
1584 245 1796 311 πρᾶγμα

209 310 405 361 alieno
437 308 667 359 arbitrio
694 310 906 371 vivere3
944 309 1235 375 praecipue
1265 310 1311 359 si
1344 312 1465 377 quis
1494 312 1545 361 ei
1575 312 1799 373 serviat,

211 377 312 445 qui
334 389 436 441 pro
448 389 550 426 suo
569 375 858 426 commodo
883 376 1067 425 omnia
1085 376 1319 429 aliorum
1332 376 1677 431 incommoda
1690 393 1799 429 non

210 442 384 493 nauci
402 440 590 492 faeiat.
660 440 926 507 Equidem
947 443 1198 493 manibus
1217 442 1576 509 pedibusque,
1586 450 1647 494 ut
1667 444 1800 494 dici-

209 517 329 571 tur,
351 508 535 559 omnia
554 505 770 569 faciam,
790 513 852 558 ut
869 508 1149 560 vobiscum
1171 524 1279 561 una
1302 524 1425 561 esse
1446 512 1654 574 possim
1674 516 1799 561 ante

213 574 502 625 Kalendas
524 573 716 624 Iuliam
754 574 854 626 sed
872 576 920 626 si
942 575 1000 625 id
1019 590 1128 627 non
1147 577 1372 641 potero,
1402 584 1553 627 certe
1582 576 1801 655 quidem

215 656 412 693 mense
435 640 766 705 Septembri,
793 643 843 693 si
861 642 1062 704 vivam,
1083 643 1210 694 istic
1232 656 1380 693 vero.
1454 641 1567 694 Vos
1586 648 1802 694 luterea

217 722 335 770 me,
355 715 418 757 ut
432 706 647 769 facitis,
669 707 938 770 amabitis,
959 714 1017 759 et
1034 709 1105 760 ad
1124 724 1211 760 me
1232 710 1488 761 scribetis
1501 746 1516 773 ‚
1541 710 1633 760 ubi
1655 724 1797 760 com·
1854 756 1861 765 .

217 775 446 826 modum
456 774 578 824 erit.
647 773 767 841 Ego
788 789 888 825 vos
911 775 1155 827 vicissim
1174 776 1389 839 amabo,
1410 778 1477 827 de
1498 776 1657 827 vobis
1678 790 1797 827 sae-

220 843 452 909 pissime
477 847 533 891 et
553 840 810 906 cogitabo
833 847 890 891 et
907 841 1126 921 λοφιαῖς
1162 843 1210 893 si
1268 842 1363 893 uid
1383 844 1513 904 erit,
1541 842 1689 910 quod
1707 858 1796 894 ve-

223 915 344 961 stra
388 922 556 959 causa
600 908 816 958 efficere
891 922 1086 970 osslm,
1133 914 1223 959 stu
1263 909 1384 959 iose
1422 916 1480 961 at
1516 924 1587 961 ue
1624 911 1797 961 amice

226 976 414 1027 omnia
451 973 777 1041 procurabo.
899 974 1004 1025 ale.
1045 975 1269 1026 Romae.
1304 990 1384 1026 rx.
1419 974 1505 1026 Ka
1528 976 1651 1027 end.
1681 976 1796 1028 lun.

205 1055 451 1093 -nnnxx
480 1040 747 1091 Marcello
775 1038 998 1092 Vestrio
1023 1040 1077 1093 S.
1101 1041 1210 1102 Qui
1231 1042 1395 1092 etiam
1416 1057 1538 1093 meo
1562 1045 1801 1104 nomine,

226 1109 336 1159 nisi
355 1108 650 1161 molestum
669 1112 779 1169 est,
815 1107 1044 1159 Paulum
1064 1108 1353 1159 Aemilium
1375 1108 1697 1159 Comensem
1718 1124 1779 1160 sa

227 1175 442 1227 lutabit.
514 1172 727 1225 Vereor
739 1209 754 1236 ‚
785 1188 852 1224 ne
883 1175 952 1225 ad
970 1181 1026 1225 te
1046 1174 1291 1242 perlatae
1306 1188 1415 1225 non
1434 1176 1545 1226 sint
1562 1175 1799 1237 litterae,

231 1256 366 1309 quas
393 1242 518 1308 ipso
545 1244 670 1293 m'eo
692 1241 864 1292 natali
882 1242 972 1293 die
994 1243 1339 1309 scripseram.
1354 1243 1403 1307 ¹⁶)
1472 1240 1639 1295 Nulla
1658 1242 1801 1293 enim

230 1310 288 1359 in
308 1308 419 1360 tuis
440 1322 625 1359 earum
645 1308 871 1359 meutiO.

518 1698 799 1752 XXXVI.
839 1713 1060 1752 ernau
1096 1713 1518 1752 clausum-ro.

296 1767 504 1852 Valde
526 1802 670 1852 tardi
689 1799 875 1851 effecti
897 1805 1022 1850 sunt
1040 1797 1316 1850 tabellarii
1336 1799 1529 1851 vestri:
1602 1799 1657 1850 ui
1678 1815 1805 1868 qua·

234 1866 541 1935 dragesimo
588 1868 802 1918 demum
836 1867 924 1916 die
961 1865 1175 1917 litteras
1214 1863 1321 1916 huc
1349 1867 1515 1919 istinc
1554 1884 1585 1919 a
1632 1878 1804 1921 erant.

231 1934 378 1986 Idem
407 1934 538 1986 mihi
570 1935 775 1984 accidit
793 1932 938 1984 haud
958 1934 1035 1984 ita
1054 1933 1265 1999 pridem
1286 1936 1341 1985 in
1362 1934 1563 1986 litteris
1585 1936 1803 2002 quibus-

233 2001 350 2053 dam
385 2002 628 2054 G-isberti
652 2000 823 2065 0ddi,
865 2015 1002 2068 quae
1033 2015 1154 2052 cum
1178 2002 1414 2067 scriptae
1434 2003 1503 2053 ab
1526 2017 1593 2055 eo
1617 2009 1804 2054 esseut

230 2083 411 2120 mense
433 2068 747 2130 Novembri,
768 2069 1012 2134 perlatae
1031 2069 1099 2120 ad
1120 2083 1205 2119 me
1227 2071 1592 2120 sunt⁸ineunte
1614 2069 1803 2121 lanua-

229 2135 328 2186 rio.
401 2135 513 2187 Sed
547 2134 651 2186 hoc
678 2141 860 2186 tamen
883 2134 1197 2197 commode,
1226 2137 1370 2202 quod
1393 2134 1561 2188 hodie
1620 2137 1802 2187 otissi·

227 2217 396 2253 mum:
433 2207 510 2262 ut,
532 2201 622 2268 qui
645 2201 763 2254 dies
783 2219 922 2253 unus
944 2215 1014 2253 ex
1035 2203 1285 2254 omnibus
1297 2219 1506 2254 summa
1520 2201 1575 2252 hi
1604 2203 1800 2252 aritate

230 2269 296 2319 ab
333 2269 585 2320 omnibus
615 2267 826 2320 traduci
855 2270 1023 2330 solet,
1063 2283 1130 2319 eo
1160 2269 1504 2335 potissimum
1536 2267 1803 2318 hilararer

227 2334 622 2386 iucundissimo
655 2349 905 2386 sermone
935 2335 1241 2385 litterarum
1276 2341 1495 2386 tuarum
1531 2339 1589 2384 et
1614 2347 1799 2386 recor-

230 2401 450 2454 datione
491 2400 693 2450 amoris
733 2415 864 2479 erga
889 2415 975 2452 me
1005 2402 1113 2464 tui3
1152 2402 1420 2467 simulque
1486 2415 1702 2450 uomam
1732 2400 1800 2450 ab

227 2465 732 2534 interpellatoribus
771 2465 908 2518 mhil
945 2475 1031 2519 est
1056 2467 1312 2533 periculi,
1351 2467 1432 2528 (lu
1472 2467 1521 2515 is
1562 2467 1707 2517 enim
1746 2474 1802 2516 et

229 2533 558 2604 spectaculis
580 2547 768 2586 omues
793 2531 957 2585 hodie
979 2534 1339 2598 detinentur)
1360 2533 1518 2584 vacui
1538 2534 1800 2597 temporis

281 2657 324 2712 ¹)
345 2655 442 2712 Ep.
459 2659 526 2700 34.
