<?xml version="1.0" encoding="UTF-8"?>
<!DOCTYPE html PUBLIC "-//W3C//DTD XHTML 1.0 Transitional//EN"
    "http://www.w3.org/TR/xhtml1/DTD/xhtml1-transitional.dtd">
<html xmlns="http://www.w3.org/1999/xhtml" xml:lang="en" lang="en">
 <head>
  <title>
</title>
<meta http-equiv="Content-Type" content="text/html;charset=utf-8" />
  <meta name='ocr-system' content='tesseract 3.04.00' />
  <meta name='ocr-capabilities' content='ocr_page ocr_carea ocr_par ocr_line ocrx_word'/>
</head>
<body>
  <div class='ocr_page' id='page_1' title='image "./epistolae00unkngoog_0241.png"; bbox 0 0 2275 3025; ppageno 0'>
   <div class='ocr_carea' id='block_1_1' title="bbox 503 139 1881 194">
    <p class='ocr_par' dir='ltr' id='par_1_1' title="bbox 503 139 1881 194">
     <span class='ocr_line' id='line_1_1' title="bbox 503 139 1881 194; baseline 0 -2"><span class='ocrx_word' id='word_1_1' title='bbox 503 139 765 193; x_wconf 79' lang='lat' dir='ltr'>EPIST.</span> <span class='ocrx_word' id='word_1_2' title='bbox 803 141 961 192; x_wconf 84' lang='lat' dir='ltr'>LIB.</span> <span class='ocrx_word' id='word_1_3' title='bbox 997 142 1107 193; x_wconf 89' lang='lat'>111.</span> <span class='ocrx_word' id='word_1_4' title='bbox 1143 142 1263 194; x_wconf 80' lang='grc' dir='ltr'>ΕΡ.</span> <span class='ocrx_word' id='word_1_5' title='bbox 1302 142 1436 194; x_wconf 82' lang='lat' dir='ltr'>XX.</span> <span class='ocrx_word' id='word_1_6' title='bbox 1477 141 1641 194; x_wconf 86' lang='lat' dir='ltr'>XXI.</span> <span class='ocrx_word' id='word_1_7' title='bbox 1777 139 1881 194; x_wconf 79' lang='lat'>233</span> 
     </span>
    </p>
   </div>
   <div class='ocr_carea' id='block_1_2' title="bbox 278 241 1889 1036">
    <p class='ocr_par' dir='ltr' id='par_1_2' title="bbox 278 241 1889 1036">
     <span class='ocr_line' id='line_1_2' title="bbox 281 241 1882 304; baseline 0 -8"><span class='ocrx_word' id='word_1_8' title='bbox 281 255 409 296; x_wconf 83' lang='lat' dir='ltr'>cum</span> <span class='ocrx_word' id='word_1_9' title='bbox 436 241 709 294; x_wconf 84' lang='lat' dir='ltr'>Paludino</span> <span class='ocrx_word' id='word_1_10' title='bbox 754 246 812 291; x_wconf 87' lang='lat' dir='ltr'>et</span> <span class='ocrx_word' id='word_1_11' title='bbox 848 241 1079 294; x_wconf 85' lang='lat' dir='ltr'>Canalio</span> <span class='ocrx_word' id='word_1_12' title='bbox 1121 243 1546 294; x_wconf 85' lang='lat' dir='ltr'>communicare.</span> <span class='ocrx_word' id='word_1_13' title='bbox 1619 241 1882 304; x_wconf 72' lang='lat' dir='ltr'>Quamvis</span> 
     </span>
     <span class='ocr_line' id='line_1_3' title="bbox 280 307 1884 374; baseline 0 -14"><span class='ocrx_word' id='word_1_14' title='bbox 280 309 427 360; x_wconf 84' lang='lat' dir='ltr'>enim</span> <span class='ocrx_word' id='word_1_15' title='bbox 446 325 559 360; x_wconf 86' lang='lat' dir='ltr'>non</span> <span class='ocrx_word' id='word_1_16' title='bbox 576 307 739 359; x_wconf 85' lang='lat' dir='ltr'>vald&#39;e</span> <span class='ocrx_word' id='word_1_17' title='bbox 758 308 895 358; x_wconf 88' lang='lat' dir='ltr'>boni</span> <span class='ocrx_word' id='word_1_18' title='bbox 912 315 1067 370; x_wconf 86' lang='lat' dir='ltr'>sunt,</span> <span class='ocrx_word' id='word_1_19' title='bbox 1095 310 1258 360; x_wconf 77' lang='lat' dir='ltr'>vobis</span> <span class='ocrx_word' id='word_1_20' title='bbox 1283 315 1468 360; x_wconf 86' lang='lat' dir='ltr'>tamen</span> <span class='ocrx_word' id='word_1_21' title='bbox 1493 309 1672 360; x_wconf 86' lang='lat' dir='ltr'>tribus</span> <span class='ocrx_word' id='word_1_22' title='bbox 1701 310 1884 374; x_wconf 83' lang='lat' dir='ltr'>place·</span> 
     </span>
     <span class='ocr_line' id='line_1_4' title="bbox 278 373 1884 442; baseline 0.001 -17"><span class='ocrx_word' id='word_1_23' title='bbox 278 374 433 437; x_wconf 84' lang='lat' dir='ltr'>bunt,</span> <span class='ocrx_word' id='word_1_24' title='bbox 456 377 587 442; x_wconf 80' lang='lat' dir='ltr'>quia</span> <span class='ocrx_word' id='word_1_25' title='bbox 605 380 735 426; x_wconf 84' lang='lat' dir='ltr'>sunt</span> <span class='ocrx_word' id='word_1_26' title='bbox 754 373 883 424; x_wconf 83' lang='lat' dir='ltr'>mei.</span> <span class='ocrx_word' id='word_1_27' title='bbox 954 373 1138 426; x_wconf 84' lang='lat' dir='ltr'><strong>Velim</strong></span> <span class='ocrx_word' id='word_1_28' title='bbox 1167 377 1334 428; x_wconf 85' lang='lat' dir='ltr'>etiam</span> <span class='ocrx_word' id='word_1_29' title='bbox 1357 389 1456 426; x_wconf 83' lang='lat' dir='ltr'>eos</span> <span class='ocrx_word' id='word_1_30' title='bbox 1477 377 1666 426; x_wconf 86' lang='lat' dir='ltr'>mittas</span> <span class='ocrx_word' id='word_1_31' title='bbox 1692 376 1760 425; x_wconf 86' lang='lat' dir='ltr'>ad</span> <span class='ocrx_word' id='word_1_32' title='bbox 1779 377 1884 426; x_wconf 76' lang='lat' dir='ltr'>An·</span> 
     </span>
     <span class='ocr_line' id='line_1_5' title="bbox 280 440 1881 506; baseline -0.001 -14"><span class='ocrx_word' id='word_1_33' title='bbox 280 442 495 492; x_wconf 87' lang='lat' dir='ltr'>tonium</span> <span class='ocrx_word' id='word_1_34' title='bbox 528 440 990 492; x_wconf 84' lang='lat' dir='ltr'>Montecatinum.</span> <span class='ocrx_word' id='word_1_35' title='bbox 1058 441 1184 494; x_wconf 88' lang='lat' dir='ltr'>Etsi</span> <span class='ocrx_word' id='word_1_36' title='bbox 1220 441 1367 492; x_wconf 87' lang='lat' dir='ltr'>enim</span> <span class='ocrx_word' id='word_1_37' title='bbox 1403 441 1670 493; x_wconf 87' lang='lat' dir='ltr'>iudicium</span> <span class='ocrx_word' id='word_1_38' title='bbox 1705 442 1881 506; x_wconf 80' lang='lat' dir='ltr'>ipsius</span> 
     </span>
     <span class='ocr_line' id='line_1_6' title="bbox 284 506 1884 575; baseline -0.001 -17"><span class='ocrx_word' id='word_1_39' title='bbox 284 509 653 560; x_wconf 77' lang='lat' dir='ltr'><strong>extimescere</strong></span> <span class='ocrx_word' id='word_1_40' title='bbox 692 506 979 558; x_wconf 87' lang='lat' dir='ltr'>deberem=</span> <span class='ocrx_word' id='word_1_41' title='bbox 1032 507 1170 558; x_wconf 86' lang='lat' dir='ltr'>mihi</span> <span class='ocrx_word' id='word_1_42' title='bbox 1205 515 1388 558; x_wconf 87' lang='lat' dir='ltr'>tamen</span> <span class='ocrx_word' id='word_1_43' title='bbox 1429 508 1688 575; x_wconf 81' lang='lat' dir='ltr'>cognitus</span> <span class='ocrx_word' id='word_1_44' title='bbox 1729 520 1884 558; x_wconf 88' lang='lat' dir='ltr'>amor</span> 
     </span>
     <span class='ocr_line' id='line_1_7' title="bbox 280 573 1883 642; baseline -0.001 -18"><span class='ocrx_word' id='word_1_45' title='bbox 280 575 459 642; x_wconf 87' lang='lat' dir='ltr'>ipsius</span> <span class='ocrx_word' id='word_1_46' title='bbox 498 589 635 640; x_wconf 80' lang='lat' dir='ltr'>erga</span> <span class='ocrx_word' id='word_1_47' title='bbox 668 588 757 624; x_wconf 85' lang='lat' dir='ltr'>me</span> <span class='ocrx_word' id='word_1_48' title='bbox 795 573 1053 624; x_wconf 84' lang='lat' dir='ltr'>timorem</span> <span class='ocrx_word' id='word_1_49' title='bbox 1093 575 1258 626; x_wconf 79' lang='lat' dir='ltr'>levat.</span> <span class='ocrx_word' id='word_1_50' title='bbox 1330 575 1452 641; x_wconf 84' lang='lat' dir='ltr'>Ego</span> <span class='ocrx_word' id='word_1_51' title='bbox 1499 581 1557 626; x_wconf 90' lang='lat' dir='ltr'>te</span> <span class='ocrx_word' id='word_1_52' title='bbox 1579 606 1594 636; x_wconf 91' lang='lat'>,-</span> <span class='ocrx_word' id='word_1_53' title='bbox 1655 573 1883 625; x_wconf 87' lang='lat' dir='ltr'>Sacrate</span> 
     </span>
     <span class='ocr_line' id='line_1_8' title="bbox 284 639 1886 708; baseline 0.001 -17"><span class='ocrx_word' id='word_1_54' title='bbox 284 641 492 708; x_wconf 81' lang='lat' dir='ltr'>optime</span> <span class='ocrx_word' id='word_1_55' title='bbox 514 646 573 694; x_wconf 67' lang='lat' dir='ltr'>et</span> <span class='ocrx_word' id='word_1_56' title='bbox 589 639 1000 701; x_wconf 85' lang='lat' dir='ltr'>humanissime,</span> <span class='ocrx_word' id='word_1_57' title='bbox 1022 656 1236 707; x_wconf 84' lang='lat' dir='ltr'>vosque</span> <span class='ocrx_word' id='word_1_58' title='bbox 1258 655 1475 704; x_wconf 89' lang='lat' dir='ltr'>omnes,</span> <span class='ocrx_word' id='word_1_59' title='bbox 1498 642 1624 703; x_wconf 89' lang='lat' dir='ltr'>sed,</span> <span class='ocrx_word' id='word_1_60' title='bbox 1645 655 1715 690; x_wconf 78' lang='lat' dir='ltr'>ne</span> <span class='ocrx_word' id='word_1_61' title='bbox 1735 654 1886 692; x_wconf 82' lang='lat' dir='ltr'>men-</span> 
     </span>
     <span class='ocr_line' id='line_1_9' title="bbox 284 706 1886 774; baseline -0.001 -14"><span class='ocrx_word' id='word_1_62' title='bbox 284 710 413 767; x_wconf 84' lang='lat' dir='ltr'>tiar,</span> <span class='ocrx_word' id='word_1_63' title='bbox 435 712 491 757; x_wconf 83' lang='lat' dir='ltr'>te</span> <span class='ocrx_word' id='word_1_64' title='bbox 514 707 572 756; x_wconf 85' lang='lat' dir='ltr'>iu</span> <span class='ocrx_word' id='word_1_65' title='bbox 590 707 801 772; x_wconf 82' lang='lat' dir='ltr'>primis,</span> <span class='ocrx_word' id='word_1_66' title='bbox 822 713 885 758; x_wconf 84' lang='lat' dir='ltr'>ut</span> <span class='ocrx_word' id='word_1_67' title='bbox 904 707 1101 769; x_wconf 84' lang='lat' dir='ltr'>debeo,</span> <span class='ocrx_word' id='word_1_68' title='bbox 1124 708 1182 758; x_wconf 87' lang='lat' dir='ltr'>in</span> <span class='ocrx_word' id='word_1_69' title='bbox 1205 709 1332 758; x_wconf 82' lang='lat' dir='ltr'>sinu</span> <span class='ocrx_word' id='word_1_70' title='bbox 1350 707 1501 772; x_wconf 74' lang='lat' dir='ltr'>fei-03</span> <span class='ocrx_word' id='word_1_71' title='bbox 1543 716 1602 759; x_wconf 86' lang='lat' dir='ltr'>et</span> <span class='ocrx_word' id='word_1_72' title='bbox 1637 706 1886 774; x_wconf 72' lang='lat' dir='ltr'>quamvis</span> 
     </span>
     <span class='ocr_line' id='line_1_10' title="bbox 284 773 1886 840; baseline -0.001 -16"><span class='ocrx_word' id='word_1_73' title='bbox 284 775 355 824; x_wconf 83' lang='lat' dir='ltr'>ad</span> <span class='ocrx_word' id='word_1_74' title='bbox 383 779 441 824; x_wconf 86' lang='lat' dir='ltr'>te</span> <span class='ocrx_word' id='word_1_75' title='bbox 470 773 649 824; x_wconf 85' lang='lat' dir='ltr'>rarius</span> <span class='ocrx_word' id='word_1_76' title='bbox 680 773 894 836; x_wconf 88' lang='lat' dir='ltr'>scribo,</span> <span class='ocrx_word' id='word_1_77' title='bbox 919 789 1083 840; x_wconf 81' lang='lat' dir='ltr'>quam</span> <span class='ocrx_word' id='word_1_78' title='bbox 1107 789 1321 824; x_wconf 82' lang='lat' dir='ltr'>summa</span> <span class='ocrx_word' id='word_1_79' title='bbox 1349 780 1544 826; x_wconf 82' lang='lat' dir='ltr'>nostra</span> <span class='ocrx_word' id='word_1_80' title='bbox 1563 775 1886 826; x_wconf 85' lang='lat' dir='ltr'>coniunctio</span> 
     </span>
     <span class='ocr_line' id='line_1_11' title="bbox 281 838 1888 908; baseline -0.001 -16"><span class='ocrx_word' id='word_1_81' title='bbox 281 838 617 907; x_wconf 77' lang='lat' dir='ltr'><strong>postularet,</strong></span> <span class='ocrx_word' id='word_1_82' title='bbox 649 840 719 890; x_wconf 87' lang='lat' dir='ltr'>de</span> <span class='ocrx_word' id='word_1_83' title='bbox 738 845 795 891; x_wconf 87' lang='lat' dir='ltr'>te</span> <span class='ocrx_word' id='word_1_84' title='bbox 826 847 1011 892; x_wconf 82' lang='lat' dir='ltr'>tamen</span> <span class='ocrx_word' id='word_1_85' title='bbox 1030 841 1360 905; x_wconf 76' lang='lat' dir='ltr'>saepissime</span> <span class='ocrx_word' id='word_1_86' title='bbox 1383 843 1592 908; x_wconf 83' lang='lat' dir='ltr'>cogito.</span> <span class='ocrx_word' id='word_1_87' title='bbox 1667 841 1888 892; x_wconf 84' lang='lat' dir='ltr'>Oratio-</span> 
     </span>
     <span class='ocr_line' id='line_1_12' title="bbox 282 905 1889 994; baseline 0 -36"><span class='ocrx_word' id='word_1_88' title='bbox 282 923 411 958; x_wconf 84' lang='lat' dir='ltr'>num</span> <span class='ocrx_word' id='word_1_89' title='bbox 430 907 941 958; x_wconf 80' lang='lat' dir='ltr'>mearumvolumen</span> <span class='ocrx_word' id='word_1_90' title='bbox 961 907 1392 959; x_wconf 77' lang='lat' dir='ltr'>unumVenetiis</span> <span class='ocrx_word' id='word_1_91' title='bbox 1415 907 1726 970; x_wconf 83' lang='lat' dir='ltr'>excuditur,</span> <span class='ocrx_word' id='word_1_92' title='bbox 1739 905 1889 994; x_wconf 62' lang='lat' dir='ltr'>quod</span> 
     </span>
     <span class='ocr_line' id='line_1_13' title="bbox 282 971 1887 1036; baseline -0.002 -12"><span class='ocrx_word' id='word_1_93' title='bbox 282 974 381 1024; x_wconf 86' lang='lat' dir='ltr'>ubi</span> <span class='ocrx_word' id='word_1_94' title='bbox 411 971 726 1024; x_wconf 83' lang='lat' dir='ltr'>absolutum</span> <span class='ocrx_word' id='word_1_95' title='bbox 764 975 907 1036; x_wconf 84' lang='lat' dir='ltr'>erit,</span> <span class='ocrx_word' id='word_1_96' title='bbox 958 975 1148 1024; x_wconf 84' lang='lat' dir='ltr'>statim</span> <span class='ocrx_word' id='word_1_97' title='bbox 1186 975 1256 1024; x_wconf 89' lang='lat' dir='ltr'>ad</span> <span class='ocrx_word' id='word_1_98' title='bbox 1293 980 1350 1025; x_wconf 84' lang='lat' dir='ltr'>te</span> <span class='ocrx_word' id='word_1_99' title='bbox 1386 975 1655 1025; x_wconf 83' lang='lat' dir='ltr'>mittetur.</span> <span class='ocrx_word' id='word_1_100' title='bbox 1726 973 1887 1034; x_wconf 47' lang='lat' dir='ltr'>bale,</span> 
     </span>
    </p>
   </div>
   <div class='ocr_carea' id='block_1_3' title="bbox 283 1039 1888 1158">
    <p class='ocr_par' dir='ltr' id='par_1_3' title="bbox 283 1039 1888 1158">
     <span class='ocr_line' id='line_1_14' title="bbox 283 1039 1888 1158; baseline -0.002 -68"><span class='ocrx_word' id='word_1_101' title='bbox 283 1042 460 1158; x_wconf 44' lang='lat' dir='ltr'>{¹3¹1}oe</span> <span class='ocrx_word' id='word_1_102' title='bbox 472 1040 680 1106; x_wconf 85' lang='lat' dir='ltr'>optime</span> <span class='ocrx_word' id='word_1_103' title='bbox 690 1046 749 1092; x_wconf 83' lang='lat' dir='ltr'>et</span> <span class='ocrx_word' id='word_1_104' title='bbox 756 1040 1188 1108; x_wconf 71' lang='lat' dir='ltr'>spectatissime.</span> <span class='ocrx_word' id='word_1_105' title='bbox 1217 1039 1622 1108; x_wconf 80' lang='lat' dir='ltr'>ldib.Augusti.</span> <span class='ocrx_word' id='word_1_106' title='bbox 1637 1054 1802 1091; x_wconf 63' lang='lat' dir='ltr'>21an</span> <span class='ocrx_word' id='word_1_107' title='bbox 1809 1053 1888 1090; x_wconf 73' lang='lat' dir='ltr'>xi.</span> 
     </span>
     <span class='ocr_line' id='line_1_15' title="bbox 336 1121 513 1158; baseline -0.006 -2"><span class='ocrx_word' id='word_1_108' title='bbox 336 1123 353 1156; x_wconf 77' lang='grc' dir='ltr'><strong>ι</strong></span> <span class='ocrx_word' id='word_1_109' title='bbox 396 1121 513 1158; x_wconf 89' lang='lat' dir='ltr'>ure.</span> 
     </span>
    </p>
   </div>
   <div class='ocr_carea' id='block_1_4' title="bbox 896 1264 1275 1278">
    <p class='ocr_par' dir='ltr' id='par_1_4' title="bbox 896 1264 1275 1278">
     <span class='ocr_line' id='line_1_16' title="bbox 896 1264 1275 1278; baseline 0 1747"><span class='ocrx_word' id='word_1_110' title='bbox 896 1264 1275 1278; x_wconf 95' lang='lat' dir='ltr'> </span> 
     </span>
    </p>
   </div>
   <div class='ocr_carea' id='block_1_5' title="bbox 697 1387 1482 1443">
    <p class='ocr_par' dir='ltr' id='par_1_5' title="bbox 697 1387 1482 1443">
     <span class='ocr_line' id='line_1_17' title="bbox 697 1387 1482 1443; baseline 0.005 -4"><span class='ocrx_word' id='word_1_111' title='bbox 697 1387 862 1440; x_wconf 73' lang='lat' dir='ltr'>xxi.</span> <span class='ocrx_word' id='word_1_112' title='bbox 902 1402 1125 1440; x_wconf 72' lang='lat' dir='ltr'>murm</span> <span class='ocrx_word' id='word_1_113' title='bbox 1163 1402 1482 1443; x_wconf 55' lang='lat' dir='ltr'>sacrum).</span> 
     </span>
    </p>
   </div>
   <div class='ocr_carea' id='block_1_6' title="bbox 284 1453 1891 2551">
    <p class='ocr_par' dir='ltr' id='par_1_6' title="bbox 284 1453 1891 2551">
     <span class='ocr_line' id='line_1_18' title="bbox 352 1453 1890 1559; baseline 0.003 -22"><span class='ocrx_word' id='word_1_114' title='bbox 352 1453 649 1541; x_wconf 68' lang='lat' dir='ltr'>l’roxime</span> <span class='ocrx_word' id='word_1_115' title='bbox 679 1504 801 1541; x_wconf 88' lang='lat' dir='ltr'>cum</span> <span class='ocrx_word' id='word_1_116' title='bbox 831 1489 1032 1541; x_wconf 74' lang='lat' dir='ltr'>vellem</span> <span class='ocrx_word' id='word_1_117' title='bbox 1055 1489 1123 1541; x_wconf 86' lang='lat' dir='ltr'>ad</span> <span class='ocrx_word' id='word_1_118' title='bbox 1144 1496 1201 1541; x_wconf 86' lang='lat' dir='ltr'>te</span> <span class='ocrx_word' id='word_1_119' title='bbox 1221 1490 1496 1556; x_wconf 82' lang='lat' dir='ltr'>scribere,</span> <span class='ocrx_word' id='word_1_120' title='bbox 1530 1507 1692 1559; x_wconf 86' lang='lat' dir='ltr'>quam</span> <span class='ocrx_word' id='word_1_121' title='bbox 1727 1497 1890 1559; x_wconf 87' lang='lat' dir='ltr'>grata</span> 
     </span>
     <span class='ocr_line' id='line_1_19' title="bbox 284 1553 1886 1629; baseline 0.002 -24"><span class='ocrx_word' id='word_1_122' title='bbox 284 1553 418 1605; x_wconf 86' lang='lat' dir='ltr'>mihi</span> <span class='ocrx_word' id='word_1_123' title='bbox 440 1555 681 1607; x_wconf 76' lang='lat' dir='ltr'>fuissent</span> <span class='ocrx_word' id='word_1_124' title='bbox 697 1556 959 1619; x_wconf 84' lang='lat' dir='ltr'>insitia*),</span> <span class='ocrx_word' id='word_1_125' title='bbox 983 1572 1123 1624; x_wconf 64' lang='lat' dir='ltr'>quae</span> <span class='ocrx_word' id='word_1_126' title='bbox 1145 1563 1284 1629; x_wconf 46' lang='lat' dir='ltr'>tuset</span> <span class='ocrx_word' id='word_1_127' title='bbox 1301 1558 1615 1609; x_wconf 79' lang='lat' dir='ltr'>Alexander</span> <span class='ocrx_word' id='word_1_128' title='bbox 1625 1559 1886 1609; x_wconf 87' lang='lat' dir='ltr'>Canalius</span> 
     </span>
     <span class='ocr_line' id='line_1_20' title="bbox 288 1622 1887 1690; baseline 0.001 -19"><span class='ocrx_word' id='word_1_129' title='bbox 288 1622 358 1673; x_wconf 86' lang='lat' dir='ltr'>ad</span> <span class='ocrx_word' id='word_1_130' title='bbox 376 1636 463 1673; x_wconf 89' lang='lat' dir='ltr'>me</span> <span class='ocrx_word' id='word_1_131' title='bbox 482 1624 782 1683; x_wconf 83' lang='lat' dir='ltr'>miseratis,</span> <span class='ocrx_word' id='word_1_132' title='bbox 802 1624 882 1672; x_wconf 86' lang='lat' dir='ltr'>ita</span> <span class='ocrx_word' id='word_1_133' title='bbox 899 1637 989 1671; x_wconf 91' lang='lat' dir='ltr'>me</span> <span class='ocrx_word' id='word_1_134' title='bbox 1011 1622 1197 1672; x_wconf 83' lang='lat' dir='ltr'>subito</span> <span class='ocrx_word' id='word_1_135' title='bbox 1216 1624 1390 1672; x_wconf 88' lang='lat' dir='ltr'>multa</span> <span class='ocrx_word' id='word_1_136' title='bbox 1409 1626 1639 1690; x_wconf 86' lang='lat' dir='ltr'>negotia</span> <span class='ocrx_word' id='word_1_137' title='bbox 1662 1637 1887 1687; x_wconf 85' lang='lat' dir='ltr'>oppres·</span> 
     </span>
     <span class='ocr_line' id='line_1_21' title="bbox 285 1688 1888 1753; baseline 0 -15"><span class='ocrx_word' id='word_1_138' title='bbox 285 1694 505 1750; x_wconf 84' lang='lat' dir='ltr'>serunt,</span> <span class='ocrx_word' id='word_1_139' title='bbox 534 1694 594 1739; x_wconf 89' lang='lat' dir='ltr'>ut</span> <span class='ocrx_word' id='word_1_140' title='bbox 614 1695 845 1739; x_wconf 88' lang='lat' dir='ltr'>coactus</span> <span class='ocrx_word' id='word_1_141' title='bbox 873 1688 979 1747; x_wconf 80' lang='lat' dir='ltr'>sim</span> <span class='ocrx_word' id='word_1_142' title='bbox 1003 1688 1242 1737; x_wconf 84' lang='lat' dir='ltr'>officium</span> <span class='ocrx_word' id='word_1_143' title='bbox 1262 1688 1401 1738; x_wconf 91' lang='lat' dir='ltr'>illud</span> <span class='ocrx_word' id='word_1_144' title='bbox 1419 1689 1478 1737; x_wconf 88' lang='lat' dir='ltr'>in</span> <span class='ocrx_word' id='word_1_145' title='bbox 1499 1689 1650 1738; x_wconf 87' lang='lat' dir='ltr'>aliud</span> <span class='ocrx_word' id='word_1_146' title='bbox 1671 1693 1888 1753; x_wconf 80' lang='lat' dir='ltr'>tempus</span> 
     </span>
     <span class='ocr_line' id='line_1_22' title="bbox 284 1752 1891 1819; baseline -0.001 -15"><span class='ocrx_word' id='word_1_147' title='bbox 284 1754 540 1804; x_wconf 88' lang='lat' dir='ltr'>reiicere.</span> <span class='ocrx_word' id='word_1_148' title='bbox 613 1752 775 1805; x_wconf 90' lang='lat' dir='ltr'>Nunc</span> <span class='ocrx_word' id='word_1_149' title='bbox 805 1753 981 1819; x_wconf 86' lang='lat' dir='ltr'>igitur</span> <span class='ocrx_word' id='word_1_150' title='bbox 1014 1752 1234 1818; x_wconf 85' lang='lat' dir='ltr'>utrique</span> <span class='ocrx_word' id='word_1_151' title='bbox 1267 1758 1516 1803; x_wconf 84' lang='lat' dir='ltr'>vestrum</span> <span class='ocrx_word' id='word_1_152' title='bbox 1549 1754 1792 1819; x_wconf 82' lang='lat' dir='ltr'>gratias,</span> <span class='ocrx_word' id='word_1_153' title='bbox 1828 1759 1891 1803; x_wconf 88' lang='lat' dir='ltr'>ut</span> 
     </span>
     <span class='ocr_line' id='line_1_23' title="bbox 286 1818 1890 1885; baseline 0.001 -16"><span class='ocrx_word' id='word_1_154' title='bbox 286 1819 788 1883; x_wconf 59' lang='lat' dir='ltr'>debempiaximas</span> <span class='ocrx_word' id='word_1_155' title='bbox 819 1833 953 1884; x_wconf 84' lang='lat' dir='ltr'>ago,</span> <span class='ocrx_word' id='word_1_156' title='bbox 986 1818 1260 1884; x_wconf 88' lang='lat' dir='ltr'>simulque</span> <span class='ocrx_word' id='word_1_157' title='bbox 1282 1823 1369 1879; x_wconf 88' lang='lat' dir='ltr'>ut,</span> <span class='ocrx_word' id='word_1_158' title='bbox 1399 1834 1507 1885; x_wconf 88' lang='lat' dir='ltr'>qua</span> <span class='ocrx_word' id='word_1_159' title='bbox 1533 1834 1644 1870; x_wconf 88' lang='lat' dir='ltr'>una</span> <span class='ocrx_word' id='word_1_160' title='bbox 1669 1820 1890 1871; x_wconf 84' lang='lat' dir='ltr'>ratione</span> 
     </span>
     <span class='ocr_line' id='line_1_24' title="bbox 285 1884 1887 1955; baseline 0.002 -19"><span class='ocrx_word' id='word_1_161' title='bbox 285 1898 514 1951; x_wconf 84' lang='lat' dir='ltr'>possum</span> <span class='ocrx_word' id='word_1_162' title='bbox 530 1920 546 1947; x_wconf 93' lang='lat'>,</span> <span class='ocrx_word' id='word_1_163' title='bbox 580 1900 682 1935; x_wconf 83' lang='lat' dir='ltr'>vos</span> <span class='ocrx_word' id='word_1_164' title='bbox 700 1898 1025 1935; x_wconf 82' lang='lat' dir='ltr'>remunerer</span> <span class='ocrx_word' id='word_1_165' title='bbox 1041 1920 1057 1946; x_wconf 88' lang='lat'>,</span> <span class='ocrx_word' id='word_1_166' title='bbox 1092 1885 1253 1935; x_wconf 87' lang='lat' dir='ltr'>mitto</span> <span class='ocrx_word' id='word_1_167' title='bbox 1291 1884 1362 1935; x_wconf 90' lang='lat' dir='ltr'>ad</span> <span class='ocrx_word' id='word_1_168' title='bbox 1380 1900 1482 1936; x_wconf 82' lang='lat' dir='ltr'>vos</span> <span class='ocrx_word' id='word_1_169' title='bbox 1505 1888 1758 1955; x_wconf 83' lang='lat' dir='ltr'>exempla</span> <span class='ocrx_word' id='word_1_170' title='bbox 1777 1886 1887 1939; x_wconf 86' lang='lat' dir='ltr'>duo</span> 
     </span>
     <span class='ocr_line' id='line_1_25' title="bbox 288 1950 1886 2020; baseline 0.003 -19"><span class='ocrx_word' id='word_1_171' title='bbox 288 1952 548 2004; x_wconf 80' lang='lat' dir='ltr'>carminis</span> <span class='ocrx_word' id='word_1_172' title='bbox 569 1950 855 2001; x_wconf 88' lang='lat' dir='ltr'>cuiusdam</span> <span class='ocrx_word' id='word_1_173' title='bbox 876 1953 986 2002; x_wconf 88' lang='lat' dir='ltr'>mei</span> <span class='ocrx_word' id='word_1_174' title='bbox 1004 1951 1074 2001; x_wconf 85' lang='lat' dir='ltr'>ad</span> <span class='ocrx_word' id='word_1_175' title='bbox 1099 1952 1282 2003; x_wconf 85' lang='lat' dir='ltr'>divam</span> <span class='ocrx_word' id='word_1_176' title='bbox 1312 1953 1584 2020; x_wconf 84' lang='lat' dir='ltr'>virginem</span> <span class='ocrx_word' id='word_1_177' title='bbox 1616 1952 1886 2005; x_wconf 81' lang='lat' dir='ltr'>Laureta·</span> 
     </span>
     <span class='ocr_line' id='line_1_26' title="bbox 287 2017 1888 2089; baseline 0.003 -22"><span class='ocrx_word' id='word_1_178' title='bbox 287 2031 437 2068; x_wconf 81' lang='lat' dir='ltr'>nam:</span> <span class='ocrx_word' id='word_1_179' title='bbox 475 2018 625 2083; x_wconf 90' lang='lat' dir='ltr'>quod</span> <span class='ocrx_word' id='word_1_180' title='bbox 645 2017 835 2079; x_wconf 74' lang='lat' dir='ltr'>vobis,</span> <span class='ocrx_word' id='word_1_181' title='bbox 860 2018 910 2068; x_wconf 89' lang='lat' dir='ltr'>si</span> <span class='ocrx_word' id='word_1_182' title='bbox 930 2018 1081 2070; x_wconf 87' lang='lat' dir='ltr'>nulla</span> <span class='ocrx_word' id='word_1_183' title='bbox 1113 2019 1228 2069; x_wconf 86' lang='lat' dir='ltr'>alia</span> <span class='ocrx_word' id='word_1_184' title='bbox 1248 2033 1341 2082; x_wconf 88' lang='lat' dir='ltr'>re,</span> <span class='ocrx_word' id='word_1_185' title='bbox 1377 2027 1529 2071; x_wconf 86' lang='lat' dir='ltr'>certe</span> <span class='ocrx_word' id='word_1_186' title='bbox 1561 2027 1888 2089; x_wconf 86' lang='lat' dir='ltr'>argumento</span> 
     </span>
     <span class='ocr_line' id='line_1_27' title="bbox 286 2083 1890 2153; baseline 0.001 -18"><span class='ocrx_word' id='word_1_187' title='bbox 286 2083 549 2149; x_wconf 82' lang='lat' dir='ltr'>placebit.</span> <span class='ocrx_word' id='word_1_188' title='bbox 616 2083 828 2135; x_wconf 85' lang='lat' dir='ltr'>Versus</span> <span class='ocrx_word' id='word_1_189' title='bbox 847 2085 958 2150; x_wconf 86' lang='lat' dir='ltr'>ipsi</span> <span class='ocrx_word' id='word_1_190' title='bbox 976 2086 1027 2137; x_wconf 87' lang='lat' dir='ltr'>si</span> <span class='ocrx_word' id='word_1_191' title='bbox 1043 2086 1370 2153; x_wconf 80' lang='lat' dir='ltr'>frigidiores</span> <span class='ocrx_word' id='word_1_192' title='bbox 1387 2088 1744 2139; x_wconf 78' lang='lat' dir='ltr'>ridebuntur:</span> <span class='ocrx_word' id='word_1_193' title='bbox 1771 2093 1890 2137; x_wconf 82' lang='lat' dir='ltr'>tan-</span> 
     </span>
     <span class='ocr_line' id='line_1_28' title="bbox 287 2150 1890 2205; baseline 0.001 -4"><span class='ocrx_word' id='word_1_194' title='bbox 287 2156 346 2201; x_wconf 85' lang='lat' dir='ltr'>to</span> <span class='ocrx_word' id='word_1_195' title='bbox 378 2150 627 2201; x_wconf 85' lang='lat' dir='ltr'>iudicare</span> <span class='ocrx_word' id='word_1_196' title='bbox 665 2150 939 2203; x_wconf 87' lang='lat' dir='ltr'>debebitis</span> <span class='ocrx_word' id='word_1_197' title='bbox 974 2168 1173 2205; x_wconf 83' lang='lat' dir='ltr'>munus</span> <span class='ocrx_word' id='word_1_198' title='bbox 1204 2169 1386 2205; x_wconf 87' lang='lat' dir='ltr'>meum</span> <span class='ocrx_word' id='word_1_199' title='bbox 1417 2154 1890 2205; x_wconf 82' lang='lat' dir='ltr'>accommodatius</span> 
     </span>
     <span class='ocr_line' id='line_1_29' title="bbox 286 2214 1888 2287; baseline 0.001 -20"><span class='ocrx_word' id='word_1_200' title='bbox 286 2216 359 2267; x_wconf 88' lang='lat' dir='ltr'>ad</span> <span class='ocrx_word' id='word_1_201' title='bbox 379 2214 520 2277; x_wconf 80' lang='lat' dir='ltr'>hanc</span> <span class='ocrx_word' id='word_1_202' title='bbox 542 2222 927 2283; x_wconf 87' lang='lat' dir='ltr'>tempestatem</span> <span class='ocrx_word' id='word_1_203' title='bbox 947 2219 1093 2281; x_wconf 86' lang='lat' dir='ltr'>anni,</span> <span class='ocrx_word' id='word_1_204' title='bbox 1153 2234 1225 2269; x_wconf 89' lang='lat' dir='ltr'>ua</span> <span class='ocrx_word' id='word_1_205' title='bbox 1242 2219 1421 2287; x_wconf 81' lang='lat' dir='ltr'>frigus</span> <span class='ocrx_word' id='word_1_206' title='bbox 1449 2220 1703 2271; x_wconf 86' lang='lat' dir='ltr'>studiose</span> <span class='ocrx_word' id='word_1_207' title='bbox 1724 2233 1888 2285; x_wconf 81' lang='lat' dir='ltr'>quae-</span> 
     </span>
     <span class='ocr_line' id='line_1_30' title="bbox 284 2284 1886 2351; baseline 0 -16"><span class='ocrx_word' id='word_1_208' title='bbox 284 2297 411 2335; x_wconf 89' lang='lat' dir='ltr'>rere</span> <span class='ocrx_word' id='word_1_209' title='bbox 452 2298 640 2336; x_wconf 88' lang='lat' dir='ltr'>omnes</span> <span class='ocrx_word' id='word_1_210' title='bbox 680 2285 944 2335; x_wconf 86' lang='lat' dir='ltr'>solemus.</span> <span class='ocrx_word' id='word_1_211' title='bbox 1017 2285 1140 2347; x_wconf 72' lang='lat' dir='ltr'>Qua</span> <span class='ocrx_word' id='word_1_212' title='bbox 1165 2300 1225 2337; x_wconf 89' lang='lat' dir='ltr'>es</span> <span class='ocrx_word' id='word_1_213' title='bbox 1265 2293 1447 2337; x_wconf 85' lang='lat' dir='ltr'>autem</span> <span class='ocrx_word' id='word_1_214' title='bbox 1487 2299 1702 2351; x_wconf 87' lang='lat' dir='ltr'>cunque</span> <span class='ocrx_word' id='word_1_215' title='bbox 1737 2284 1886 2335; x_wconf 81' lang='lat' dir='ltr'>vide·</span> 
     </span>
     <span class='ocr_line' id='line_1_31' title="bbox 286 2348 1890 2418; baseline -0.001 -18"><span class='ocrx_word' id='word_1_216' title='bbox 286 2349 509 2413; x_wconf 88' lang='lat' dir='ltr'>buntur,</span> <span class='ocrx_word' id='word_1_217' title='bbox 530 2366 640 2402; x_wconf 87' lang='lat' dir='ltr'>non</span> <span class='ocrx_word' id='word_1_218' title='bbox 660 2366 887 2413; x_wconf 87' lang='lat' dir='ltr'>recuso,</span> <span class='ocrx_word' id='word_1_219' title='bbox 922 2352 1053 2418; x_wconf 80' lang='lat' dir='ltr'>quin</span> <span class='ocrx_word' id='word_1_220' title='bbox 1076 2366 1175 2402; x_wconf 91' lang='lat' dir='ltr'>eos</span> <span class='ocrx_word' id='word_1_221' title='bbox 1197 2350 1618 2403; x_wconf 85' lang='lat' dir='ltr'>communicetis</span> <span class='ocrx_word' id='word_1_222' title='bbox 1643 2364 1764 2399; x_wconf 88' lang='lat' dir='ltr'>cum</span> <span class='ocrx_word' id='word_1_223' title='bbox 1787 2348 1890 2400; x_wconf 84' lang='lat' dir='ltr'>Pa-</span> 
     </span>
     <span class='ocr_line' id='line_1_32' title="bbox 286 2416 1888 2484; baseline -0.002 -15"><span class='ocrx_word' id='word_1_224' title='bbox 286 2416 507 2479; x_wconf 85' lang='lat' dir='ltr'>ludin0‚</span> <span class='ocrx_word' id='word_1_225' title='bbox 526 2418 908 2468; x_wconf 86' lang='lat' dir='ltr'>Montecatino</span> <span class='ocrx_word' id='word_1_226' title='bbox 931 2418 1246 2484; x_wconf 88' lang='lat' dir='ltr'>ceterisque</span> <span class='ocrx_word' id='word_1_227' title='bbox 1269 2416 1648 2469; x_wconf 87' lang='lat' dir='ltr'>communibus</span> <span class='ocrx_word' id='word_1_228' title='bbox 1669 2417 1888 2467; x_wconf 79' lang='lat' dir='ltr'>amicis:</span> 
     </span>
     <span class='ocr_line' id='line_1_33' title="bbox 286 2480 1890 2551; baseline 0.001 -19"><span class='ocrx_word' id='word_1_229' title='bbox 286 2497 462 2551; x_wconf 79' lang='lat' dir='ltr'>prope</span> <span class='ocrx_word' id='word_1_230' title='bbox 482 2484 647 2533; x_wconf 87' lang='lat' dir='ltr'>etiam</span> <span class='ocrx_word' id='word_1_231' title='bbox 670 2484 813 2546; x_wconf 80' lang='lat' dir='ltr'>dixi,</span> <span class='ocrx_word' id='word_1_232' title='bbox 843 2499 967 2535; x_wconf 90' lang='lat' dir='ltr'>cum</span> <span class='ocrx_word' id='word_1_233' title='bbox 1001 2484 1206 2551; x_wconf 82' lang='lat' dir='ltr'>Pigna3</span> <span class='ocrx_word' id='word_1_234' title='bbox 1229 2484 1329 2535; x_wconf 89' lang='lat' dir='ltr'>sed</span> <span class='ocrx_word' id='word_1_235' title='bbox 1351 2482 1543 2545; x_wconf 67' lang='lat' dir='ltr'>audio,</span> <span class='ocrx_word' id='word_1_236' title='bbox 1575 2496 1699 2533; x_wconf 89' lang='lat' dir='ltr'>eum</span> <span class='ocrx_word' id='word_1_237' title='bbox 1726 2480 1890 2533; x_wconf 80' lang='lat' dir='ltr'>valde</span> 
     </span>
    </p>
   </div>
   <div class='ocr_carea' id='block_1_7' title="bbox 286 2578 1892 2695">
    <p class='ocr_par' dir='ltr' id='par_1_7' title="bbox 286 2578 1892 2695">
     <span class='ocr_line' id='line_1_34' title="bbox 346 2578 1892 2636; baseline 0.001 -13"><span class='ocrx_word' id='word_1_238' title='bbox 346 2582 385 2636; x_wconf 72' lang='lat'>¹⁸)</span> <span class='ocrx_word' id='word_1_239' title='bbox 415 2579 522 2624; x_wconf 75' lang='lat' dir='ltr'>Non</span> <span class='ocrx_word' id='word_1_240' title='bbox 540 2595 649 2623; x_wconf 80' lang='lat' dir='ltr'>vero</span> <span class='ocrx_word' id='word_1_241' title='bbox 677 2579 886 2622; x_wconf 72' lang='lat' dir='ltr'>absimile</span> <span class='ocrx_word' id='word_1_242' title='bbox 904 2586 997 2630; x_wconf 78' lang='lat' dir='ltr'>est,</span> <span class='ocrx_word' id='word_1_243' title='bbox 1026 2582 1376 2635; x_wconf 65' lang='lat' dir='ltr'>intelligendum</span> <span class='ocrx_word' id='word_1_244' title='bbox 1406 2593 1506 2624; x_wconf 78' lang='lat' dir='ltr'>ene</span> <span class='ocrx_word' id='word_1_245' title='bbox 1528 2594 1667 2634; x_wconf 71' lang='lat' dir='ltr'>genus</span> <span class='ocrx_word' id='word_1_246' title='bbox 1688 2578 1892 2625; x_wconf 72' lang='lat' dir='ltr'>fucini-</span> 
     </span>
     <span class='ocr_line' id='line_1_35' title="bbox 286 2633 1710 2695; baseline -0.003 -12"><span class='ocrx_word' id='word_1_247' title='bbox 286 2650 407 2690; x_wconf 71' lang='grc' dir='ltr'>ωηο,</span> <span class='ocrx_word' id='word_1_248' title='bbox 428 2651 542 2693; x_wconf 76' lang='lat' dir='ltr'>quae</span> <span class='ocrx_word' id='word_1_249' title='bbox 560 2638 764 2681; x_wconf 77' lang='lat' dir='ltr'>Muretus</span> <span class='ocrx_word' id='word_1_250' title='bbox 784 2636 833 2677; x_wconf 84' lang='lat' dir='ltr'>iu</span> <span class='ocrx_word' id='word_1_251' title='bbox 842 2633 1035 2680; x_wconf 74' lang='lat' dir='ltr'>‘deliciis</span> <span class='ocrx_word' id='word_1_252' title='bbox 1054 2637 1266 2695; x_wconf 69' lang='lat' dir='ltr'>babuisse</span> <span class='ocrx_word' id='word_1_253' title='bbox 1287 2638 1484 2681; x_wconf 78' lang='lat' dir='ltr'>videtur.</span> <span class='ocrx_word' id='word_1_254' title='bbox 1539 2636 1710 2694; x_wconf 77' lang='lat' dir='ltr'>Krase.</span> 
     </span>
    </p>
   </div>
  </div>
 </body>
</html>
