2275 3025
570 597 613 648 1.
649 596 727 648 Μ.
762 596 1172 652 ANTONIUS
1207 597 1594 650 MURETUS

444 709 945 748 nnnxmenno
1002 711 1350 749 niranro
1409 711 1553 748 suo
1591 709 1638 746 s·
1677 709 1734 745 n.

356 761 595 861 Perge,
614 799 676 845 ut
694 793 853 857 facis,
873 798 950 847 mi
967 797 1308 859 Alexander,
1341 811 1526 849 amare
1545 793 1780 855 litteras,
1805 794 1886 843 eis

291 868 350 913 te
370 861 671 922 oblectare,
710 862 768 911 in
790 863 872 912 eis
908 865 1093 914 omnia
1124 869 1182 914 et
1201 865 1352 914 seria
1372 870 1428 914 et
1447 865 1574 913 ioca
1593 867 1691 912 tua
1715 858 1887 911 collo·

292 941 437 978 care.
508 926 633 978 Non
652 941 882 994 magnus
902 927 1063 978 labor
1081 944 1281 996 magno
1303 929 1406 980 tibi
1428 930 1561 980 olim
1583 927 1781 977 honori
1805 924 1886 974 fu·

290 999 448 1044 turus
470 998 573 1042 est.
643 993 759 1043 Ista
788 995 895 1055 via,
932 1008 1093 1060 quam
1126 1001 1189 1046 tu
1215 1009 1359 1045 nunc
1377 993 1708 1061 ingrederis,
1730 991 1886 1044 multi

291 1057 483 1110 humili
525 1065 581 1108 et
606 1059 843 1109 obscuro
881 1058 1009 1110 loco
1034 1061 1141 1110 orti
1165 1059 1235 1110 ad
1258 1060 1623 1126 amplissimas
1652 1054 1886 1123 dignita-

289 1131 379 1175 tes
436 1129 825 1190 pervenerunt.
910 1127 1087 1192 Atque
1147 1127 1365 1177 etiamsi
1419 1126 1572 1177 nulla
1612 1122 1884 1174 eiusmodi

290 1190 537 1257 praemia
552 1190 755 1240 litteris
770 1191 1060 1257 proposita
1080 1198 1292 1243 essent:
1333 1193 1455 1257 ipsa
1472 1197 1655 1241 tamen
1684 1189 1885 1239 doctri·

290 1271 363 1307 na
382 1256 615 1306 amanda
634 1261 721 1308 est
737 1269 837 1322 per
858 1272 938 1319 se,
960 1271 1139 1324 neque
1162 1257 1459 1326 quidquam
1477 1259 1534 1308 in
1556 1255 1778 1308 homine
1805 1255 1887 1304 in-

290 1335 475 1389 genuo
493 1321 709 1401 turpius
726 1328 819 1373 est
843 1324 1199 1388 ignoratione
1221 1338 1410 1376 earum
1437 1337 1639 1385 rerum,
1662 1334 1888 1387 quarum

291 1388 529 1439 scientia
553 1403 675 1439 sine
704 1386 909 1439 litteris
951 1391 1262 1456 comparari
1301 1405 1412 1441 non
1442 1395 1648 1456 potest.
1718 1385 1888 1438 Volu-

326 1462 441 1517 tas‚
463 1467 605 1521 quae
626 1469 657 1504 e
670 1454 838 1506 rebus
860 1457 1115 1524 turpibus
1136 1457 1352 1525 capitur
1393 1455 1654 1508 celeriter
1669 1453 1886 1514 transit,

331 1523 543 1572 olorem
565 1528 748 1572 autem
768 1524 825 1572 in
847 1523 1029 1574 animo
1053 1524 1372 1576 diuturnum
1403 1523 1695 1589 relinquit=
1733 1527 1791 1571 at
1811 1519 1886 1570 la-

289 1588 395 1637 bor
411 1588 467 1637 in
488 1587 655 1638 rebus
676 1586 930 1640 honestis
951 1590 1260 1641 collocatus
1287 1592 1407 1653 ipse
1429 1589 1650 1655 quidem
1671 1584 1886 1701 οῆὶιξίῐ,

290 1654 615 1704 memoriam
644 1660 827 1703 autem
858 1656 946 1703 sui
978 1657 1053 1705 in‘
1062 1660 1248 1705 animo
1269 1655 1534 1719 relinquit
1587 1654 1770 1702 lenam
1831 1664 1888 1699 o-

292 1719 643 1770 nestissimae
665 1724 723 1766 et
741 1717 1114 1769 solidissimae
1140 1719 1462 1784 voluptatis.
1591 1732 1658 1767 oc
1700 1716 1890 1782 cogita

295 1788 352 1834 et
370 1784 510 1834 vale.
585 1782 865 1833 Postridie
886 1783 966 1833 ld.
988 1782 1087 1833 lul.
1109 1784 1390 1846 Tibure.*)
1412 1796 1636 1835 nnnxx.

396 1847 589 1899 Saluta
621 1846 755 1898 mihi
789 1848 1090 1914 diligenter
1124 1856 1385 1917 parentes
1404 1856 1553 1910 tuos,
1585 1856 1702 1899 tum
1722 1855 1888 1898 etiam

294 1913 526 1965 alterum
548 1919 759 1980 patrem
777 1920 961 1965 tuum=
1002 1916 1082 1965 ita
1118 1917 1264 1968 enim
1292 1923 1708 1983 praeceptorem
1729 1913 1889 1965 meri·

291 1988 353 2031 to
377 1981 719 2042 vocaverim3
756 1982 849 2046 qui
887 1982 1034 2047 quod
1070 1983 1127 2033 in
1146 1990 1205 2033 te
1224 1981 1516 2033 formando
1537 1982 1886 2048 praecipuam

295 2046 584 2112 quamdam
621 2061 807 2097 curam
844 2046 1098 2111 adhibet,
1128 2049 1316 2115 idque,
1355 2056 1416 2099 ut
1449 2048 1690 2099 arbitror
1707 2082 1722 2109 ,
1765 2058 1888 2097 mea

294 2111 774 2164 commendatione
802 2114 1101 2178 adductus,
1132 2116 1402 2168 affirmato
1437 2115 1510 2177 ei,
1539 2112 1680 2165 nihil
1709 2115 1887 2178 ipsum

292 2177 428 2229 mihi
458 2176 646 2227 facere
666 2193 832 2244 posse
852 2181 1081 2247 gratius,
1095 2196 1320 2248 meque,
1356 2183 1402 2234 si
1427 2195 1489 2231 se
1510 2180 1625 2231 ulla
1650 2196 1721 2229 un
1762 2192 1885 2228 uam

295 2244 560 2295 obtulerit
581 2247 823 2309 occasio,
845 2262 953 2298 non
974 2248 1419 2310 commissurum,
1454 2252 1518 2297 ut
1533 2248 1591 2297 in
1611 2244 1739 2296 hom
1765 2258 1886 2295 nem

292 2312 569 2378 ingratum
588 2309 696 2361 hoc
716 2328 875 2364 suum
891 2313 1224 2365 beneficium
1245 2313 1549 2365 contulisse
1569 2310 1840 2363 videatur.

348 2408 392 2463 ⁸)
424 2408 597 2452 Eadem
615 2422 755 2463 supra
773 2410 985 2465 leguntur
1002 2410 1039 2453 1.
1058 2425 1131 2468 ep.
1154 2415 1222 2455 60.

900 2576 1270 2594 *—

356 2676 619 2764 Munnw.
658 2676 765 2727 Er.
1501 2668 1558 2721 X
