2275 3025
590 131 846 187 EPIST.
883 131 1038 184 LIB.
1074 132 1117 184 1.
1151 133 1272 186 ΕΡ.
1308 133 1592 188 Lxxxl.
1790 137 1890 190 125

456 263 743 316 LXXXI.
778 265 858 317 Μ.
893 263 1306 318 ANTONIUS
1341 267 1727 321 MURETUS

449 345 685 383 ιοΑΝκι
742 344 1074 381 ιωιοεοιο
1124 346 1344 382 naum
1399 347 1740 388 romonum

292 411 971 452 vrcncancssnnnuo·
1014 411 1360 448 annzsnsr
1432 413 1892 454 xmssrnntst

378 477 777 516 zummensi
849 477 1232 514 carr-ranno
1313 477 1460 516 nro·
1538 477 1586 517 s.
1643 480 1693 517 r.
1749 481 1808 518 n.

354 529 627 616 Praeter
644 579 671 614 s
711 578 797 614 em
816 568 874 614 et
887 563 1206 630 opinionem
1226 577 1403 615 meam
1424 565 1648 628 accidit,
1667 571 1748 628 ut,
1770 581 1892 618 cum

286 631 437 683 inter
474 645 564 682 me
592 636 649 680 et
696 644 927 682 oannem
947 630 1319 693 Zamoscium,
1357 631 1703 684 serenissimi
1721 632 1892 699 Regis

290 697 688 759 secretarium,
728 696 981 747 omnibus
1020 710 1193 775 prope
1221 697 1291 748 de
1319 697 1489 748 rebus
1513 698 1891 762 convenisset,

286 765 511 830 iamque
537 777 642 841 ego
670 777 757 814 me
785 762 853 812 ad
887 764 998 813 iter
1027 777 1405 829 accingerent,
1433 769 1599 832 atque
1628 765 1760 817 istic
1780 765 1893 881 ang-

290 845 385 882 mo
395 836 453 880 et
472 831 974 896 cogltationetotus
985 843 1192 892 essem,
1215 831 1402 881 subito
1425 831 1738 883 ostenderit
1758 830 1837 882 Gr
1873 861 1894 872 -

292 899 485 964 gorius
514 895 779 946 Pontifex
814 895 1086 946 maximus
1122 896 1534 962 profectionem
1568 912 1749 949 meam
1787 897 1897 950 sibi

290 978 403 1014 non
446 962 694 1028 placere,
740 975 939 1028 meque
976 975 1077 1026 per
1118 962 1273 1012 viros
1309 978 1523 1014 summa
1560 964 1895 1015 auctoritate
1939 981 1951 990 ⁸

287 1029 573 1096 praeditos
595 1027 931 1079 monendum
962 1028 1262 1089 curaverit,
1292 1043 1362 1078 ne
1390 1043 1461 1079 ex
1487 1029 1625 1080 urbe
1647 1029 1897 1080 discede-

288 1110 429 1159 1·em;
468 1096 577 1148 sibi
602 1107 769 1144 curae
799 1091 951 1155 fore,
982 1097 1047 1142 ut
1075 1107 1146 1144 ne
1173 1095 1230 1144 in
1259 1094 1395 1144 urbe
1418 1095 1688 1146 deteriori
1708 1096 1898 1148 condi·

284 1164 442 1213 tione
472 1174 680 1222 essem,
707 1174 871 1277 auam
900 1173 1042 1225 quae
1065 1157 1201 1211 mihi
1227 1161 1282 1210 in
1304 1159 1543 1212 Polonia
1564 1160 1895 1213 deferretur.

288 1229 436 1290 Quin
478 1229 647 1278 etiam
672 1241 706 1276 a
817 1226 910 1276 uin
956 1231 1208 1278 entorum
1238 1241 1530 1279 aureorum
1552 1237 1896 1279 nummorum

289 1294 624 1362 stipendium
640 1330 655 1355 ,
678 1308 787 1359 quo
846 1295 921 1346 mi
963 1293 1109 1342 iiam
1131 1294 1345 1360 pridem
1365 1296 1731 1346 constitutum
1755 1301 1894 1358 erat,

287 1362 476 1413 statim
504 1360 775 1411 ducentos
802 1359 972 1410 adiici
1003 1359 1191 1422 iussit,
1241 1361 1520 1413 mandavit
1561 1376 1631 1413 ue
1658 1361 1892 1414 Datario

287 1429 464 1490 suo‚*)
486 1427 664 1493 primo
688 1439 907 1493 quoque
926 1433 1179 1492 tempore
1202 1441 1424 1494 quoquo
1447 1443 1537 1479 mo
1583 1430 1892 1490 oefficcret,

288 1500 349 1547 ut
370 1493 592 1546 aliunde
606 1491 739 1545 mihi
752 1493 988 1545 trecenti
1000 1494 1154 1545 aurei
1169 1496 1369 1546 nummi
1385 1495 1682 1561 quotannis
1691 1495 1894 1562 pende-

288 1568 497 1613 rentur.
568 1560 651 1612 Ea
678 1575 738 1611 re
764 1561 972 1612 factum
1003 1567 1113 1624 est,
1143 1569 1205 1611 ut
1235 1567 1463 1612 coactus
1487 1562 1586 1611 sim
1611 1560 1894 1625 deponere

288 1627 608 1691 consilium,
650 1626 798 1693 quod
828 1641 1109 1694 ceperam,
1149 1626 1414 1677 veniendi
1441 1626 1512 1676 ad
1542 1641 1663 1676 vos:
1703 1641 1737 1675 a
1799 1641 1891 1687 un,

286 1709 356 1746 ne
378 1695 583 1754 vivam,
612 1694 659 1743 si
676 1707 763 1744 me
787 1693 899 1744 alia
919 1693 1032 1743 ulla
1050 1708 1167 1752 res,
1233 1706 1361 1743 uam
1381 1692 1579 1741 summi
1600 1691 1766 1743 Ponti
1811 1692 1892 1743 cis

286 1761 546 1813 voluntas
579 1766 744 1827 atque
780 1759 1086 1811 auctoritas
1127 1760 1196 1808 ab
1240 1772 1405 1808 ucere
1444 1759 1738 1824 potuisset.
1808 1758 1892 1810 In-

282 1834 471 1891 terea,
505 1828 671 1879 etiam
691 1832 914 1877 tacente
935 1839 1050 1886 me,
1077 1824 1246 1875 facile
1269 1839 1460 1876 omnes
1483 1826 1696 1889 vident,
1726 1841 1892 1893 quan·

282 1902 403 1946 tum
448 1892 809 1944 serenissimo
851 1906 915 1942 ac
956 1892 1348 1959 potentissimo
1392 1892 1532 1961 Regi
1569 1885 1890 1961 Stephano,

284 1966 552 2029 quantum
578 1960 703 2020 tibi,
734 1960 988 2010 Zamosci
1016 1958 1354 2017 clarissime,
1394 1958 1644 2012 debeam.
1713 1960 1892 2030 Vobis

287 2029 463 2088 enim,
492 2027 600 2077 nisi
627 2026 789 2092 plane
821 2027 1073 2093 ingratus
1101 2027 1231 2087 sim,
1262 2022 1402 2076 hanc
1419 2032 1532 2077 tam
1555 2027 1892 2078 luculentam

284 2094 635 2146 fortunarum
679 2108 925 2145 mearum
968 2095 1348 2144 accessionem
1393 2099 1676 2172 acceptam
1715 2093 1891 2143 feram

284 2175 519 2213 necesse
540 2166 644 2211 est.
718 2159 901 2220 Quare
915 2195 927 2215 ,
956 2159 1083 2209 dum
1102 2158 1280 2209 vivam
1294 2196 1309 2221 ,
1330 2174 1417 2210 me
1438 2166 1657 2237 utrique
1677 2163 1890 2208 tantum
1981 2172 1988 2179 ·

283 2228 492 2279 debere
532 2225 713 2276 fatear
750 2231 988 2292 oportet,
1032 2232 1291 2292 quantum
1331 2226 1399 2276 ab
1439 2225 1662 2275 homme
1696 2216 1887 2274 deberi

202 2308 212 2315 ’
282 2293 497 2345 homini
527 2293 818 2359 plurimum
857 2297 1061 2359 potest.
1131 2294 1174 2343 A
1212 2298 1268 2342 te
1309 2293 1475 2341 etiam
1513 2295 1678 2355 atque
1717 2288 1884 2339 etiam

282 2366 444 2429 peto,
481 2366 545 2411 ut
569 2358 704 2411 mihi
730 2361 947 2411 veniam
967 2374 1001 2408 a
1023 2359 1383 2409 serenissimo
1410 2357 1563 2421 Rege
1592 2358 1883 2421 impetres,

341 2476 383 2528 ⁸)
416 2473 665 2523 Ducarius,
692 2474 768 2529 qni
790 2474 975 2529 praeest
994 2470 1294 2515 cancellariae
1315 2466 1566 2525 pontificali
1590 2467 1885 2524 (Kennzleidi-

283 2532 477 2583 rector).
534 2530 653 2573 Nam
684 2530 862 2572 daturin
889 2528 1056 2570 dicitur
1082 2528 1254 2567 Romae
1280 2526 1426 2573 curia,
1455 2526 1502 2565 in
1532 2536 1619 2576 qua
1655 2522 1884 2576 pontilicis

282 2588 465 2629 nomine
496 2598 594 2628 cum
622 2584 739 2628 aliae
766 2582 951 2626 litterae
980 2581 1327 2635 perscribuntur
1355 2580 1401 2619 et
1419 2578 1762 2629 consignantur.
1789 2580 1884 2615 tunm

284 2642 507 2685 beneficia
525 2652 611 2697 per
628 2638 810 2683 litteras
828 2636 1170 2693 promittuntur.
1227 2630 1398 2688 Krast.
