2275 3025
684 111 947 165 EPIST.
983 77 1144 162 1:11³.
1180 112 1247 162 u.
1282 113 1404 163 sp,
1439 112 1610 165 xm.
1849 113 1948 167 183

352 218 467 266 tate
490 212 805 280 digniorum
841 211 1042 263 artium
1074 212 1340 262 tractatio
1376 211 1700 264 vindicavit:
1739 217 1949 284 tempe·

352 295 477 331 rare
500 278 636 330 mihi
654 284 842 329 tamen
860 291 972 326 non
992 292 1246 342 possum,
1281 278 1411 343 quin
1437 293 1605 345 saepe
1639 293 1736 331 eos
1757 282 1816 332 in
1836 296 1949 345 ma-

350 347 515 398 nibus
538 340 1065 408 habeam,horisque
1085 343 1391 394 subsecivis
1406 347 1720 410 graviorum
1740 349 1950 400 studio·

353 427 476 463 rum
508 411 868 477 asperitatem
901 406 1009 458 hoc
1078 410 1201 458 uasi
1221 409 1574 461 condimento
1597 414 1949 466 amoenitatis

355 478 606 544 mitigem
626 491 691 526 ac
710 474 974 524 molliam.
1098 475 1193 525 uin
1214 475 1405 537 etiam,
1423 481 1488 526 ut
1505 491 1614 528 non
1635 479 1951 543 occupatio·

354 559 457 594 nes
476 548 689 592 tantum
707 553 864 590 meae
880 575 896 602 ‚
919 551 1109 591 verum
1126 542 1487 593 remissiones
1523 557 1634 609 quo
1673 558 1744 594 ue
1783 545 1953 594 animi

358 607 603 659 afferant
627 605 835 685 aliquid
861 607 1122 658 utilitatis
1143 606 1480 659 hominibus=
1520 623 1588 659 co
1655 623 1749 660 ero
1781 610 1953 662 studi·

359 689 451 725 um
470 687 583 722 non
600 673 876 724 mediocre
898 673 969 724 ad
988 673 1166 725 libros
1187 687 1380 727 eorum
1407 676 1828 743 perpurgandos
1843 712 1859 741 ,
1897 681 1956 728 et

362 739 434 789 ad
452 739 629 802 locos,
651 739 697 790 si
745 753 846 790 uos
856 738 990 791 mihi
1001 739 1153 792 forte
1171 742 1492 810 intelligere
1511 742 1726 804 videor,
1739 745 1954 810 quinon

361 804 561 856 itasint
572 807 713 856 omni
755 823 819 857 us
839 808 1034 873 pervii,
1051 809 1432 874 explicandos.
1447 809 1588 860 Tale
1606 808 1781 878 igitur
1799 809 1955 876 quid·

362 871 489 922 dam
508 869 592 922 his
614 872 806 924 diebus
825 874 882 924 in
902 873 1198 939 Propertio
1220 877 1498 941 praestiti:
1532 881 1592 928 et
1623 891 1746 928 cum
1783 876 1955 926 admi·

361 937 527 988 rabili
547 938 824 990 desiderio
846 945 1070 990 tenerer
1096 941 1415 992 insinuandi
1432 942 1727 1009 mealiqua
1743 943 1800 993 in
1820 943 1955 992 ami·

360 1005 549 1055 citiam
585 1010 764 1067 tuam,
784 1005 895 1056 iter
925 1004 1062 1056 mihi
1097 1007 1170 1056 ad
1203 1022 1324 1058 eam
1343 1009 1692 1072 praemunire
1713 1007 1819 1060 hoc
1839 1022 1956 1058 mu·

359 1071 591 1122 nusculo
614 1071 785 1123 volui.
854 1071 932 1120 Ut
950 1076 1135 1122 autem
1156 1088 1191 1123 a
1210 1079 1267 1124 te
1287 1087 1354 1122 co
1437 1074 1554 1124 osci
1574 1087 1850 1140 cuperem,
1883 1087 1956 1124 ne

358 1138 617 1197 vivam,si
636 1151 723 1186 me
734 1141 830 1186 aut
851 1137 1097 1200 divitiae,
1115 1138 1313 1205 quibus
1334 1154 1366 1188 a
1404 1139 1598 1202 undas,
1619 1145 1714 1191 aut
1731 1141 1956 1208 generis

360 1203 441 1254 tui
460 1202 683 1253 claritas
700 1238 715 1264 ‚
737 1208 833 1252 aut
866 1204 1160 1271 quicquam
1187 1204 1424 1270 denique
1444 1212 1667 1272 praeter
1687 1207 1954 1258 maximas

358 1274 485 1321 tuas
522 1275 579 1319 et
613 1269 721 1319 iam
764 1283 906 1320 nunc
936 1271 1178 1322 omnium
1207 1285 1464 1324 sermone
1484 1272 1954 1326 celebratissimas

356 1334 591 1385 virtutes
627 1336 893 1388 incitavit.
966 1335 1105 1387 Nam
1145 1353 1177 1388 o
1217 1337 1552 1401 mentorum,
1589 1339 1686 1406 qui
1716 1337 1954 1390 honesta

358 1401 545 1452 studia
563 1408 840 1467 spernant,
860 1417 970 1452 non
989 1403 1155 1453 modo
1180 1351 1345 1471 fuori]
1359 1407 1569 1456 ambire
1585 1421 1651 1456 ac
1669 1407 1953 1473 persequi,

359 1467 460 1519 sed
480 1469 763 1535 aspernari
784 1469 950 1520 etiam
972 1484 1037 1521 ac
1054 1471 1316 1537 refugere
1339 1472 1612 1525 amicitias
1632 1472 1817 1535 soleo,
1837 1487 1952 1523 non

360 1536 534 1585 semel
553 1540 829 1603 expertus,
851 1534 989 1587 nihil
1010 1550 1134 1587 esse
1156 1538 1432 1587 eiusmodi
1475 1536 1790 1589 hominibus
1819 1554 1954 1603 φορ-

284 1608 292 1617 ·
356 1598 655 1666 nmmos-5
690 1602 915 1667 generis
949 1608 1133 1651 autem
1165 1602 1430 1653 nobilitas
1451 1604 1510 1653 in
1527 1604 1599 1653 iis
1623 1604 1840 1654 demum
1860 1602 1953 1652 ha-

356 1667 456 1718 bet
474 1666 681 1745 aliquid
701 1666 1073 1733 gloriandum,
1104 1668 1195 1732 qui
1218 1667 1433 1717 faciunt
1449 1667 1536 1729 id,
1566 1668 1714 1734 quod
1737 1674 1799 1719 tu
1809 1705 1824 1731 ,
1847 1667 1954 1719 hoc

362 1736 466 1793 est,
485 1732 543 1781 in
560 1732 649 1793 iis,
672 1732 766 1797 qui
786 1734 935 1783 omni
956 1747 1061 1799 ope
1082 1732 1386 1783 moliuntur
1403 1734 1622 1785 efficere
1638 1770 1654 1796 ,
1685 1741 1750 1785 ut
1767 1749 1835 1785 ne
1855 1736 1955 1786 mi·

359 1812 463 1848 nus
482 1797 591 1863 ipsi
609 1797 923 1864 splendoris
942 1800 1184 1863 posteris
1218 1799 1334 1863 suis
1369 1800 1668 1852 tradidisse
1683 1838 1700 1866 ‚
1739 1817 1901 1869 quam
1922 1816 1956 1853 a

358 1864 663 1915 maioribus
702 1865 986 1930 accepisse
1002 1902 1017 1927 ,
1060 1865 1369 1916 videantur.
1437 1866 1630 1935 ltaque
1670 1869 1862 1920 colunt
1895 1875 1954 1921 te

362 1928 586 1997 quidem
607 1928 857 1982 homines
878 1938 937 1982 et
955 1930 1255 1983 observant
1268 1968 1290 1995 2
1306 1941 1368 1984 ut
1387 1936 1574 2014 magni
1591 1934 1743 1987 illius
1763 1935 1952 1986 Ferdi-

356 1996 528 2047 nandi
549 1996 849 2063 Gonzagae
864 2035 880 2061 ,
912 1999 1344 2063 sapientissimi,
1361 2000 1650 2054 fortissimi
1667 2040 1682 2065 ,
1706 2002 1956 2053 fortuna-

358 2062 563 2113 tissimi
582 2064 950 2128 imperatoris,
972 2066 1171 2129 fflium3
1193 2067 1294 2118 sed
1313 2069 1487 2119 multo
1511 2076 1584 2129 te,
1605 2069 1741 2121 mihi
1763 2066 1953 2129 crede,

358 2130 661 2194 impensius
686 2130 901 2194 colunt,
935 2132 1085 2198 quod
1114 2148 1237 2184 eam
1254 2140 1313 2185 te
1332 2135 1479 2187 viam
1511 2135 1826 2201 ingressum
1858 2138 1956 2182 aut

357 2196 545 2261 potius
564 2196 621 2246 in
642 2196 833 2247 eaiam
853 2198 1021 2263 longe
1051 2213 1408 2267 progressum
1424 2200 1639 2261 vident,
1671 2201 1728 2248 in
1758 2212 1865 2263 qua
1885 2198 1954 2258 si,

358 2268 423 2312 ut
440 2277 568 2327 spes
596 2264 821 2315 minime
852 2264 1019 2315 dubia
1052 2273 1138 2316 est
1156 2302 1171 2327 ,
1205 2268 1539 2332 perstiteris,
1561 2278 1670 2313 non
1691 2263 1787 2314 ille
1807 2264 1955 2327 apud

357 2334 615 2396 posteros
636 2334 722 2379 tot
738 2331 1009 2393 victoriis,
1028 2336 1115 2381 tot
1134 2334 1334 2396 opim'is
1356 2330 1668 2395 spoliis,tot
1686 2332 1954 2394 tropaeis,

359 2409 523 2462 quam
543 2401 597 2445 te
620 2396 737 2445 filio
778 2397 985 2447 clarior
1013 2397 1087 2447 sit
1106 2396 1344 2447 futurus.
1416 2394 1528 2446 Sed
1546 2394 1699 2446 illius
1731 2396 1955 2461 quidem

356 2474 453 2514 res
472 2467 666 2529 gestae
698 2476 820 2512 cum
850 2462 1085 2514 aliorum
1119 2460 1488 2513 monumentis
1509 2460 1958 2524 celebrabuntur,

360 2534 476 2579 tum
495 2527 789 2595 praecipue
812 2530 1033 2594 scriptis
1053 2528 1278 2579 Antonii
1298 2527 1615 2587 possevini,
1660 2526 1954 2579 familiaris

359 2596 468 2659 tui,
498 2594 861 2647 eruditissimi
880 2592 1117 2645 hominis
1140 2600 1200 2644 et
1216 2594 1286 2645 ad
1307 2592 1762 2646 conscribendam
1783 2592 1957 2643 histo-
