2275 3025
286 145 388 197 246
819 145 898 196 M.
935 150 996 198 A.
1033 146 1360 228 munem

285 247 418 298 inde
439 251 700 298 nascatur
718 248 994 298 sermonis
1019 250 1272 299 occasio:
1291 251 1374 299 ita
1394 249 1613 316 fingam,
1636 255 1692 300 te
1714 261 1785 300 ex
1802 263 1895 300 me

287 329 436 365 nune
466 315 808 380 quaesiisse,
850 330 978 365 num
1012 315 1145 381 quid
1185 317 1317 365 novi
1353 316 1564 366 Romae
1604 316 1892 368 acciderit.

287 382 484 431 Utrum
524 387 707 431 autem
743 380 1140 446 respondeam,
1196 381 1443 432 incertus
1482 396 1629 444 sum,
1677 397 1895 431 novane

287 449 464 498 multa
481 448 732 513 quotidie
755 453 813 497 et
834 448 1107 498 accidisse
1129 448 1490 510 et‘accidere,
1520 463 1588 498 an
1614 446 1752 498 nihil
1782 461 1896 497 om-

265 515 422 564 'nino
445 515 593 564 novi.
664 513 804 564 Nam
833 521 890 564 et
911 513 1084 564 multa
1102 529 1263 576 nova,
1284 515 1583 580 insperata,
1608 513 1897 580 in'opinata

289 581 541 647 quotidie
581 581 870 642 eveniunt,
912 586 971 630 et
1007 580 1394 646 alia‘quadam
1432 582 1650 632 ratione
1684 587 1895 641 vetera,

287 647 534 713 vulgata,
553 649 766 697 usitata
798 647 1001 696 omnia.
1069 647 1199 705 Hic,
1221 662 1384 712 quem
1410 662 1584 714 nuper
1611 660 1777 697 vnemo
1799 646 1894 696 ad·

292 720 515 779 spectu,
553 727 718 763 nemo
741 727 996 762 sermone
1017 712 1366 778 dignabatur,
1386 722 1615 780 repente
1637 713 1793 763 dives
1814 711 1895 762 ef·

288 779 493 841 fectus,
516 779 722 828 colitur
741 778 808 826 ab
829 777 919 839 iis,
952 779 1047 844 qui
1067 793 1193 828 eum
1215 776 1361 830 haud
1380 782 1461 829 ita
1476 779 1691 845 pridem
1713 793 1784 829 ne
1806 793 1893 828 re-

289 845 642 898 salutandum
678 845 900 910 quidem
923 859 1050 895 esse
1075 845 1389 909 duxissent3
1428 845 1648 896 fastidit
1676 859 1776 895 eos
1812 846 1896 912 ip-

290 927 408 974 sos,
437 925 578 977 quos
599 925 772 976 nuper
809 909 1101 974 horrebat3
1141 912 1325 961 aditur
1355 925 1457 977 per
1487 913 1786 976 epistolam
1824 911 1897 960 ab

287 979 380 1041 iis,
403 978 500 1046 qui
517 977 718 1028 nudius
740 977 942 1028 tertius
959 993 1104 1040 eum,
1139 979 1193 1027 si
1213 977 1343 1044 quid
1369 984 1599 1043 peteret,
1620 977 1895 1042 postridie

289 1045 476 1096 redire
497 1044 810 1095 iussissent.
885 1044 1024 1104 Quis
1045 1060 1157 1095 non
1174 1042 1285 1095 hoc
1303 1045 1549 1106 miretur,
1578 1051 1641 1094 ut
1658 1042 1899 1094 novum}

289 1111 382 1162 Fit
416 1111 516 1162 ille
539 1125 610 1162 ex
649 1126 748 1178 gre
792 1111 912 1161 ario
946 1110 1126 1160 milite
1166 1109 1486 1177 episcopus:
1526 1110 1667 1161 alius
1711 1109 1896 1160 mulos

291 1179 570 1244 stringere
590 1192 655 1226 ac
677 1177 746 1227 de
775 1178 954 1227 ricare
975 1177 1197 1244 solitus,
1230 1181 1491 1244 tanquam
1512 1191 1583 1227 ex
1620 1175 1777 1226 fonte
1796 1175 1897 1226 ali-

291 1259 402 1309 quo
425 1242 649 1305 biberit,
697 1243 790 1308 qui
827 1242 1128 1308 prudentes
1168 1249 1227 1292 et
1262 1258 1447 1294 rerum
1470 1243 1765 1294 multarum
1802 1255 1898 1292 ex-

287 1309 572 1376 perientes
593 1309 816 1370 efficiat,
839 1313 924 1371 (ut
945 1308 1077 1358 olim
1097 1308 1318 1374 Pyrene
1339 1316 1475 1375 pota
1495 1309 1740 1360 faciebat
1762 1309 1898 1374 po&-

289 1378 420 1437 tas‚)
442 1377 499 1425 in
520 1374 816 1424 consilium
842 1375 912 1424 de
947 1373 1204 1424 maximis
1238 1375 1405 1425 rebus
1447 1374 1765 1436 adhibetur,
1806 1389 1895 1424 su-

289 1441 511 1508 percilii
532 1454 597 1490 ac
616 1435 814 1504 capitis
835 1445 988 1489 motu
1010 1438 1079 1490 de
1102 1441 1327 1494 maximi
1346 1443 1611 1493 momenti
1630 1441 1899 1508 negotiis,

290 1508 510 1559 nemine
537 1506 776 1569 ridente,
798 1505 1066 1557 decernit.
1134 1506 1311 1570 Alius,
1333 1509 1491 1559 cuius
1510 1524 1671 1560 mane
1689 1507 1900 1560 exituri

291 1574 494 1627 atrium
523 1571 787 1627 cobortes
823 1573 1109 1625 clientium
1150 1574 1499 1638 obsidebant,
1539 1576 1698 1626 cuius
1730 1588 1897 1625 aures

289 1642 547 1712 precibus
571 1640 1035 1705 obtundebantur,
1073 1656 1267 1692 manus
1298 1642 1507 1693 osculis
1531 1642 1895 1693 contereban-
1921 1642 1946 1665 “’

289 1720 400 1773 tur,
421 1709 489 1760 ab
516 1709 590 1761 iis
613 1724 752 1776 quos
787 1723 963 1775 nuper
995 1708 1264 1776 adspectu
1299 1708 1521 1770 beabat,
1559 1709 1895 1759 insalutatus

287 1776 642 1843 praeteritur.
681 1776 784 1826 Cui
805 1792 917 1826 non
938 1774 1076 1827 haec
1097 1790 1240 1829 nova
1260 1781 1317 1825 et
1334 1774 1657 1827 admiranda
1668 1774 1891 1826 videan-

288 1842 412 1893 tur?
439 1842 550 1893 Sed
571 1840 710 1892 haec
731 1842 823 1908 qui
843 1843 1129 1905 mirantur,
1141 1856 1420 1908 nunquam
1442 1842 1523 1893 eis
1536 1842 1897 1907 quodmiren·

289 1917 382 1960 tur
391 1907 706 1958 defuturum
727 1914 831 1957 est.
851 1906 1062 1957 Vetera
1073 1915 1221 1969 sunt,
1232 1908 1557 1974 quotidiana
1570 1914 1713 1969 sunt,
1729 1907 1895 1958 obso-

287 1975 405 2025 leta
425 1978 568 2023 sunt.
641 1970 767 2021 Non
792 1978 907 2021 tam
944 1973 1251 2023 mirandum
1289 1980 1393 2035 est,
1432 1974 1583 2039 quod
1615 1976 1897 2035 eveniant,

291 2054 452 2107 quam
472 2036 779 2101 mirari-dum
801 2043 970 2098 esset,
992 2038 1042 2088 si
1062 2054 1175 2088 non
1206 2040 1510 2090 evenirent.
1561 2040 1736 2101 Quam
1756 2039 1894 2090 mul-

289 2116 400 2170 tos,
439 2105 534 2172 qui
565 2103 660 2155 diu
689 2104 995 2164 iacuerant,
1036 2103 1093 2154 in
1133 2104 1305 2155 altum
1342 2111 1573 2171 repente
1612 2106 1892 2165 sublatos,

291 2189 455 2240 quam
491 2170 728 2233 multos,
785 2184 907 2220 cum
940 2169 1037 2220 diu
1067 2170 1128 2220 in
1164 2170 1391 2222 sublimi
1432 2174 1741 2235 stetissent,
1776 2185 1891 2224 mo-

288 2246 477 2292 mento
527 2237 778 2289 deiectos
827 2234 1096 2287 vidimus!
1152 2236 1262 2298 Qui
1302 2237 1443 2288 talia
1471 2239 1764 2302 mirantur,
1802 2254 1894 2289 so·

289 2308 402 2357 lem
423 2306 644 2374 vesperi
683 2305 943 2357 occidere
985 2302 1330 2372 eundemque
1369 2318 1529 2354 mane
1566 2305 1752 2356 redire
1792 2304 1891 2355 mi-

289 2378 499 2423 rentur.
567 2372 689 2439 Ego
717 2371 862 2437 siin
901 2371 1214 2437 quempiam
1248 2371 1426 2420 virum
1466 2371 1727 2438 antiquae
1760 2370 1899 2421 fidei

289 2453 358 2489 ac
404 2437 699 2503 probitatis
731 2436 1050 2497 inciderem,
1093 2437 1189 2503 qui
1229 2442 1287 2487 et
1324 2436 1451 2486 aliis
1478 2435 1717 2487 honesta
1736 2450 1895 2503 prae-

241 2552 250 2559 ,
291 2506 522 2571 ciperet,
545 2503 741 2567 etipse
779 2502 851 2552 ad
889 2503 1140 2570 regulam
1165 2517 1321 2553 suam
1357 2502 1596 2563 viveret3
1640 2504 1735 2567 qui
1770 2502 1893 2551 sine

290 2569 622 2627 ambitione,
680 2569 800 2617 sine
857 2570 1245 2627 simulatione,
1296 2567 1417 2618 sine
1463 2568 1623 2617 malis
1679 2566 1891 2617 artibus

290 2637 363 2688 ad
399 2638 659 2687 virtutem
679 2638 737 2681 et
755 2632 828 2682 ad
863 2631 1217 2687 honestatem
1252 2639 1375 2685 tota
1400 2638 1585 2684 mente
1623 2630 1893 2683 ferretur:
