2275 3025
615 101 876 157 EPIST.
910 102 1067 154 LIB.
1103 102 1146 155 l.
1184 101 1305 154 ΕΡ.
1341 101 1562 157 LXVI.
1817 101 1880 154 ⁹9

306 219 439 272 erga
464 201 715 256 homines
742 205 1051 254 litterarum
1089 201 1285 252 studiis
1323 201 1540 252 deditos
1577 202 1881 256 voluntate.

234 322 237 341 ,
301 271 493 339 Neque
520 285 605 320 me
644 269 1027 322 commovebat
1062 268 1284 330 itineris·
1314 267 1628 330 difficultas,
1703 271 1761 320 ui
1789 286 1879 322 ex-

300 339 575 406 ploratum
595 335 883 396 haberem,
918 349 1039 384 cum
1060 334 1282 396 lectica,
1309 349 1420 395 una
1437 350 1558 384 cum
1576 336 1690 386 filio
1718 349 1749 386 o
1771 336 1878 387 fra-

198 439 207 448 ·
300 406 403 456 tris
423 405 559 465 mei,
598 417 771 470 puero
800 415 900 451 sex
925 415 1097 451 annos
1125 406 1282 462 nato,
1319 415 1480 466 quem
1502 415 1715 452 mecum
1745 402 1879 454 illuc

301 473 505 522 ducere
527 470 867 536 cogitabam,
904 468 973 518 ad
992 466 1178 518 fanum
1196 466 1565 517 Lauretanum
1604 469 1695 529 (eo
1719 470 1877 531 enim,

299 537 596 603 religionis
617 549 681 585 ac
700 535 918 600 pietatis
938 548 1125 596 causa,
1145 535 1254 584 iter
1271 533 1458 584 facere
1478 535 1825 586 decreveram
1838 541 1879 599 ,)

300 609 557 670 'gestatus
596 615 799 663 essem,
852 615 1015 667 posse
1050 615 1137 652 me
1176 601 1314 651 cisio
1355 601 1674 652 Cracoviam
1707 617 1880 669 usque

308 667 749 720 commodissime
768 666 907 719 vehi.
975 667 1048 722 Et
1067 669 1177 718 iam
1195 674 1546 730 convenerat,
1567 674 1629 718 ut
1647 667 1779 719 mihi
1797 683 1880 719 re-

308 735 397 802 gis
426 734 645 784 nomine
672 736 739 786 ad
768 736 874 786 iter
910 735 1308 786 conficiendum
1345 734 1608 786 darentur
1642 737 1880 786 trec-enti

310 803 468 852 aurei
482 801 775 863 nummi,ad
797 817 934 868 quos
949 817 1055 868 ego
1069 803 1338 852 ducentos
1359 801 1570 852 demeo
1591 809 1880 868 praeterea

309 868 513 918 addere
533 869 857 935 cogitabam.
925 868 1039 918 Iam
1064 866 1199 918 mihi
1219 868 1358 919 illud
1383 870 1690 924 sanctitatis
1709 877 1766 920 et
1784 871 1879 920 do·

307 935 516 986 ctrinae
542 939 843 1001 specimen,
864 934 1170 986 Stanislaus
1199 934 1504 984 cardinalis
1527 934 1880 998 VarmiensiS,

374 1002 601 1052 atuitam
626 1001 1021 1052 habitationem
1045 1001 1101 1050 in
1134 1000 1371 1065 palatio,
1410 1001 1556 1066 quod
1581 1001 1880 1053 cracoviae

342 1069 475 1118 abet
492 1069 905 1134 amplissimum,
928 1065 1215 1117 offerebat.
1282 1067 1492 1118 Multae
1512 1082 1546 1116 a
1565 1069 1787 1119 summis
1806 1069 1880 1118 vi-

303 1134 385 1184 ris
412 1134 635 1184 litterae
663 1133 1141 1184 commendatitiae
1165 1133 1223 1182 in
1250 1131 1595 1183 Germaniam
1623 1140 1680 1184 et
1702 1134 1760 1184 in
1780 1133 1883 1185 Po-

306 1201 515 1251 loniam
536 1201 839 1266 promissae
861 1205 1039 1261 erant,
1075 1206 1137 1249 ut
1165 1215 1282 1250 cum
1315 1213 1383 1249 eo
1413 1202 1711 1263 venissem,
1749 1217 1876 1251 nun.

308 1281 470 1333 quam
489 1266 607 1318 fere
627 1267 683 1318 in
711 1267 1015 1319 diversoria
1090 1267 1272 1317 ublica
1294 1267 1511 1334 ingredi
1537 1281 1766 1318 necesse
1787 1265 1881 1318 ha-

305 1334 513 1385 berem.
582 1333 773 1400 Neque
793 1333 1057 1384 verebari
1082 1334 1218 1396 lam,
1256 1348 1396 1400 quae
1423 1334 1478 1383 in
1500 1333 1737 1385 Polonia
1755 1349 1880 1386 esse

306 1401 528 1463 dicitur,
549 1401 955 1452 inclementiam
990 1400 1130 1451 caeli
1152 1403 1614 1467 asperitatemque
1633 1401 1878 1468 frigoris.

307 1466 558 1519 Sciebam
584 1468 683 1519 illa
712 1468 894 1519 omnia
926 1481 987 1519 re
1016 1467 1188 1520 multo
1215 1470 1429 1520 minora
1455 1482 1578 1521 esse
1617 1484 1775 1536 quam
1802 1467 1881 1518 fa-

303 1550 419 1597 ma,
440 1538 498 1585 et
517 1536 724 1601 alioqui
742 1552 861 1587 sum
880 1537 997 1603 ipse
1020 1550 1238 1603 quoque
1258 1542 1416 1587 natus
1437 1536 1492 1585 in
1501 1534 1882 1601 parteGalliae

302 1602 539 1652 maxime
558 1609 813 1653 montosa
840 1618 903 1653 ac
929 1601 1152 1669 frigida.
1223 1601 1386 1661 Quod
1421 1608 1605 1651 autem
1642 1602 1880 1667 quidam,

344 1670 401 1719 ui
419 1669 699 1719 deterrere
719 1684 806 1721 me
836 1672 1121 1735 cuperent,
1163 1667 1493 1728 clamabant,
1535 1674 1728 1733 gentes
1752 1666 1880 1717 illas

331 1749 453 1785 eras
474 1750 538 1785 ac
555 1736 819 1786 barbaras
840 1750 987 1786 esse:
1027 1735 1303 1785 interdum
1325 1732 1459 1784 mihi
1484 1733 1677 1795 risum,
1713 1734 1880 1785 inter·

306 1802 433 1852 dum
460 1802 799 1853 stomachum
827 1801 1137 1853 movebant.
1205 1801 1410 1867 Magna
1437 1798 1594 1862 mihi,
1633 1800 1877 1864 Sacrate,

306 1881 426 1918 cum
445 1869 630 1919 multis
652 1869 965 1930 Germanis,
984 1882 1184 1935 magna
1201 1882 1321 1917 cum
1343 1868 1625 1933 permultis
1647 1867 1876 1919 Polonis

301 1934 677 1997 familiaritas,
712 1950 942 2002 magnus
962 1951 1118 1996 usus,
1157 1948 1355 2001 magna
1381 1935 1732 1986 necessitudo
1753 1934 1876 1987 fuit.

302 2000 532 2067 Semper
550 2017 645 2053 eos
666 2009 922 2069 expertus
940 2017 1061 2052 sum
1084 2001 1264 2053 bonos
1293 2002 1466 2062 viros,
1503 2009 1712 2064 rectos,
1751 2005 1876 2053 sim·

301 2067 500 2133 mices,
540 2076 788 2135 apertos,
828 2068 1250 2121 humanissimos
1293 2074 1579 2134 praeterea
1624 2075 1681 2119 et
1704 2082 1876 2135 prope

303 2150 493 2187 omnes
513 2150 583 2185 eo
601 2138 747 2187 vitae
786 2136 937 2187 cultu
979 2151 1045 2187 ac
1060 2136 1352 2198 munditia,
1391 2151 1530 2202 quae
1559 2135 1626 2185 ad
1657 2136 1876 2200 elegan-

298 2202 433 2251 tiam
469 2204 654 2267 potius
692 2218 852 2268 quam
890 2204 959 2254 ad
994 2203 1163 2253 ullam
1203 2203 1510 2255 barbariem
1562 2200 1869 2252 accederet.

298 2267 495 2336 Nugae
514 2262 656 2320 'istae
677 2277 803 2321 sunt
822 2269 1123 2331 hominum,
1165 2284 1290 2331 eos,
1326 2270 1418 2336 qui
1438 2267 1651 2319 adulari
1682 2272 1740 2315 et
1772 2264 1874 2315 fal·

297 2334 417 2387 lere
438 2341 495 2386 et
514 2336 663 2387 aliud
682 2338 861 2402 loqui,
882 2336 1031 2387 aliud
1052 2338 1300 2403 cogitare
1322 2335 1592 2393 nesciunt,
1609 2331 1873 2383 barbaros

298 2406 629 2454 vocantium.
697 2404 915 2453 Utinam
932 2418 1035 2453 nos
1071 2417 1137 2453 eo
1166 2402 1332 2453 modo
1363 2398 1586 2449 barbari
1605 2398 1872 2449 essemus!

296 2468 421 2519 Utri
434 2484 569 2521 vero
588 2470 937 2520 barbariores
958 2474 1105 2519 sunt:
1124 2469 1242 2518 nati
1261 2468 1316 2515 in
1335 2465 1516 2516 media
1533 2465 1714 2527 ltalia,
1741 2479 1874 2531 quo·

296 2548 417 2587 rum
443 2539 539 2589 vix
565 2538 919 2587 centesimum
950 2548 1220 2602 quemque
1249 2532 1520 2595 reperias,
1562 2533 1655 2596 qui
1673 2530 1872 2579 Latine

298 2611 395 2656 aut
416 2604 629 2656 Graece
648 2602 804 2669 loqui
824 2603 964 2653 sciat
996 2626 1000 2629 ·
1147 2600 1336 2649 'tteras
1357 2596 1529 2645 amet}
1565 2612 1634 2644 an
1655 2595 1873 2643 Germa·
2028 2656 2032 2669 Ι

579 2727 583 2733 ’
944 2730 979 2752 ῗ
996 2740 1141 2785 omont>

913 2600 1220 2907 §D
