2275 3025
366 85 464 155 180
578 85 587 94 ‘
865 102 969 154 1M.
1003 103 1066 153 A.
1099 100 1428 154 MURETl
1492 82 1498 88 ’

363 206 578 270 patrem
595 205 772 262 tuum,
809 200 989 253 virum
1006 198 1427 255 immortalitate
1450 200 1859 267 dignissimum,
1878 204 1964 253 vi-

367 270 500 319 dere
537 272 703 334 atque
741 267 954 336 alloqui
987 284 1229 335 possem.
1298 268 1437 319 Nam
1478 275 1535 324 et
1575 266 1967 319 incredibilem

366 333 638 403 quandam
656 334 998 400 voluptatem
1028 334 1335 387 hausissem
1371 349 1440 385 ex
1466 334 1619 385 illius
1652 331 1839 384 herois
1866 334 1965 385 ad·

365 407 586 469 spectu,
624 402 718 467 qui
736 408 833 451 aut
851 402 1005 453 solus
1025 409 1122 453 aut
1139 402 1435 469 praecipue
1470 399 1737 450 effecerat
1750 435 1767 462 ‚
1804 407 1867 451 ut
1882 414 1959 451 ne

365 466 505 519 haec
526 473 680 517 aetas
705 467 1088 532 superioribus
1122 468 1363 519 saeculis
1390 467 1691 529 invideret3
1732 472 1789 516 et
1822 466 1959 517 effe·

369 538 567 587 cissem
579 570 595 595 ‚
626 534 736 585 nisi
755 534 913 584 valde
932 533 1130 596 fallor,
1173 540 1233 583 ut
1249 536 1371 599 ipse
1391 548 1478 582 me
1495 538 1597 597 pr‘o
1620 530 1961 584 humanitate

366 602 494 663 illa,
524 615 632 666 qua
652 599 1123 664 complectebatur
1141 613 1332 650 omnes
1348 636 1363 661 ‚
1394 600 1451 648 in
1512 598 1669 649 uibus
1690 606 1845 649 esset
1862 600 1961 649 ali·

369 682 477 734 qua
493 682 606 716 non
637 665 808 717 alieni
829 681 864 714 a
882 665 1060 715 Musis
1087 666 1304 731 ingenii
1334 666 1477 731 sign'
1524 667 1702 727 catio,
1739 680 1851 715 non
1870 682 1961 717 us·

409 745 694 847 nequaque
715 732 822 781 sibi
843 731 1257 796 despiciendum
1284 737 1521 797 putaret.
1593 730 1768 791 Nunc,
1794 746 1963 797 quan·

411 814 442 849 ο
463 800 483 847 i
534 833 550 858 ‚
574 798 724 862 quod
746 810 1030 861 cuperem,
1062 799 1330 864 consequi
1349 797 1501 848 nullo
1526 798 1695 847 modo
1714 812 1960 864 possum,

373 869 526 915 certe
545 862 764 930 quidem
787 863 871 924 id,
911 863 1061 930 quod
1079 868 1387 931 proximum
1406 869 1515 925 est,
1553 862 1749 913 sedulo
1783 863 1963 915 facio:

374 930 527 990 colo,
569 944 891 996 quacunque
910 930 1127 982 ratione
1148 932 1308 993 licet,
1346 932 1669 981 memoriam
1686 930 1864 992 illius,
1904 937 1965 981 et

373 996 571 1048 cumin
592 997 744 1045 omni
761 1012 1042 1059 sermone,
1062 1005 1180 1049 tum
1200 999 1255 1047 in
1278 999 1499 1063 scriptis
1518 998 1684 1056 meis,
1714 996 1965 1047 libentis-

374 1064 512 1115 sime
532 1062 680 1114 facio
688 1098 704 1123 ‚
728 1069 788 1113 ut
807 1078 930 1114 eum
951 1063 1197 1125 laudem,
1237 1067 1332 1132 qui
1350 1062 1483 1114 mihi
1504 1077 1685 1129 neque
1706 1077 1739 1113 a
1755 1077 1843 1113 me
1869 1078 1963 1113 ne·

374 1144 481 1197 que
503 1145 536 1179 a
555 1144 830 1196 quoquam
849 1131 986 1181 satis
1013 1132 1233 1182 laudari
1263 1145 1428 1197 posse
1461 1144 1698 1195 unquam
1724 1130 1962 1180 ¹ridetur.

371 1196 564 1262 Neque
589 1210 720 1246 vero
739 1198 820 1246 ita
839 1212 960 1246 sum
980 1212 1187 1259 amens,
1196 1203 1258 1247 ut
1274 1198 1345 1247 ad
1365 1196 1599 1275 gloriam
1623 1196 1795 1261 ipsius
1814 1198 1966 1262 quic-

374 1275 536 1328 quam
555 1276 678 1311 meo
698 1263 1022 1312 testimonio
1042 1278 1211 1330 posse
1232 1263 1402 1313 adiici
1426 1276 1698 1313 censeam.
1755 1261 1867 1313 Sed
1884 1263 1966 1313 ita

374 1329 536 1393 plane
556 1328 771 1376 iudico:
811 1334 872 1377 ut
892 1328 1045 1388 deus,
1069 1330 1166 1395 qui
1187 1329 1391 1378 nullius
1410 1328 1711 1393 praeconio
1728 1328 1963 1393 indiget,

375 1392 589 1445 laudari
611 1407 672 1442 se
692 1398 876 1441 tamen
897 1394 964 1443 ab
986 1392 1303 1445 hominibus
1321 1393 1466 1457 vult,
1503 1396 1585 1445 sic
1612 1395 1805 1445 beatas
1834 1395 1963 1445 illas

375 1464 590 1509 mentes
609 1494 624 1520 ,
655 1459 712 1508 in
749 1458 963 1509 caelum
983 1466 1238 1526 receptas
1260 1466 1318 1512 et
1336 1476 1456 1512 cum
1490 1462 1597 1512 deo
1619 1462 1962 1524 coniunctas,

376 1525 640 1595 gaudere,
662 1542 785 1576 cum
805 1541 867 1577 se
889 1541 922 1576 a
941 1527 1102 1578 nobis
1123 1528 1237 1578 coli
1256 1543 1322 1579 ac
1340 1527 1819 1581 celebrarivident.
1862 1529 1963 1578 Er·

413 1608 448 1643 o
486 1593 716 1659 perinde
746 1609 812 1644 ac
844 1594 892 1644 si
923 1592 1083 1645 huius
1115 1596 1205 1646 rei
1233 1611 1427 1646 sensus
1449 1595 1520 1644 ad
1540 1594 1766 1646 Petrum
1784 1596 1963 1660 ipsum

372 1609 640 1712 {embum
670 1668 1032 1727 perventurus
1067 1662 1171 1724 sit,
1210 1663 1291 1713 ita
1332 1663 1401 1712 de
1437 1663 1611 1728 iPsius
1654 1661 1967 1712 admirabili

276 1735 281 1737 “
375 1728 658 1788 doctrina,
681 1727 952 1794 singulari
971 1730 1291 1797 eloquentia
1318 1731 1631 1844 ceterisque
1650 1729 1963 1790 virtutibus,

377 1794 596 1860 quoties
629 1795 851 1844 occasio
885 1803 994 1858 est,
1042 1797 1324 1862 praedico·
1396 1795 1519 1856 Quo
1603 1795 1720 1845 sive
1748 1796 1831 1845 ita
1860 1804 1963 1855 est,

377 1859 623 1925 gaude03
657 1861 774 1909 sive
793 1862 913 1924 ipse
933 1877 1020 1912 me
1039 1863 1196 1923 fallo,
1220 1869 1402 1914 tamen
1423 1860 1567 1912 hunc
1584 1875 1849 1924 errorem,
1872 1863 1963 1929 qui

377 1938 464 1974 me
483 1929 775 1987 tantopere
797 1925 1068 1989 delectat,
1098 1928 1235 1978 mihi
1267 1929 1407 1993 eripi
1435 1929 1623 1978 nolim.
1694 1928 1965 1994 Equidem

375 2004 488 2040 non
517 1990 697 2039 solum
729 2005 870 2055 quae
907 1993 1004 2042 ille
1039 1994 1200 2044 nobis
1232 2002 1582 2044 monumenta
1614 1995 1829 2061 ingenii
1876 1995 1966 2046 sui

375 2055 612 2123 plurima
641 2070 706 2105 ac
733 2055 1102 2121 pulcherrima
1130 2059 1383 2125 reliquit,
1424 2066 1681 2111 accurate
1712 2060 1965 2128 pervolu-

374 2130 526 2183 tare,
558 2136 747 2173 verum
768 2123 934 2174 etiam
954 2125 1225 2192 imagines
1246 2127 1498 2193 corporis
1516 2128 1693 2191 ipsius
1713 2127 1964 2178 studiose

377 2189 740 2257 contemplari
759 2190 936 2251 soleo,
959 2207 1320 2259 magnamque
1342 2207 1412 2242 ex
1432 2194 1513 2242 eis
1535 2193 1965 2244 oblectationem

377 2271 445 2306 ca
482 2257 537 2305 io
552 2293 567 2318 ,
589 2255 738 2323 quod
755 2256 886 2308 illae
905 2257 1040 2309 mihi
1055 2261 1237 2324 ipsum
1255 2265 1381 2309 ante
1411 2257 1603 2310 oculos
1626 2260 1964 2310 constituere

376 2322 432 2370 vi
474 2328 682 2373 eantur.
753 2322 867 2376 lam
891 2327 941 2376 si
960 2330 1056 2375 aut
1075 2325 1348 2392 depictam
1370 2327 1425 2376 in
1454 2325 1671 2385 tabula,
1705 2334 1803 2375 aut
1826 2339 1965 2374 mar·

377 2400 532 2436 more
580 2402 896 2454 expressam
912 2429 927 2452 ‚
969 2397 1078 2441 ‘aut
1121 2393 1181 2442 in
1230 2404 1360 2442 aere
1414 2389 1715 2457 argentove
1762 2390 1966 2440 inscul-

377 2457 528 2517 ptam
547 2451 706 2503 Petri
719 2455 916 2510 Bembi
944 2460 1054 2508 ima
1099 2458 1241 2508 ‘nem
1276 2472 1446 2522 prope
1468 2457 1655 2508 divino
1682 2456 1835 2506 cultu
1854 2456 1966 2504 afli-

381 2529 510 2566 cere
531 2517 730 2569 solitus
767 2539 904 2574 sum:
946 2525 1040 2590 qui
1111 2537 1200 2574 me
1218 2524 1324 2574 tibi
1352 2523 1539 2574 facere
1560 2537 1659 2588 par
1679 2528 1787 2582 est,
1827 2523 1967 2570 Tor-

381 2587 545 2648 quate
564 2581 799 2650 Bembe,
841 2605 1001 2656 quem
1029 2590 1191 2642 nobis
1219 2589 1434 2641 divinus
1464 2588 1563 2638 ille
1596 2587 1682 2636 vir
1712 2587 1892 2638 vivam
1912 2593 1971 2637 et
