2275 3025
483 207 552 262 4⁸
1010 204 1088 257 M.
1125 202 1186 255 A.
1223 200 1538 255 MURETI

487 308 640 368 (vide
683 312 890 373 quanto
938 307 996 356 in
1041 318 1234 357 errore
1272 310 1524 353 versatus
1564 302 1666 352 sim
1676 304 1721 363 ,)
1759 300 2062 353 meditabar

487 374 918 437 excusationem.
991 372 1102 424 Sed
1125 370 1343 438 gaudeo
1366 375 1562 419 contra
1582 366 1880 428 cecidisse,
1908 380 2071 434 quam

483 447 822 507 putaveram.
897 438 1132 489 Nunc'tu
1150 454 1183 489 a
1204 452 1289 487 me
1318 442 1376 486 et
1397 437 1621 486 crebras
1651 442 1708 484 et
1747 434 1945 500 longas
1983 434 2070 484 lit·

485 513 638 557 teras
659 512 1008 571 exspectato:
1046 520 1113 555 ea
1133 510 1319 553 tamen
1337 503 1555 567 lege,ut
1572 499 1705 551 mihi
1728 500 1963 550 liberum
1984 501 2077 561 sit,

489 573 642 623 nullo
669 572 791 623 ordi
835 586 893 632 e,
921 570 1076 619 nullo
1104 570 1351 627 delectu,
1380 568 1642 633 quiequid
1662 568 1715 616 in
1736 566 1967 616 buccam
1988 576 2079 617 ve·

491 640 661 699 uerit,
693 638 799 688 scri
843 650 954 686 ere.
1026 635 1281 685 Litterae
1308 639 1439 683 tuae
1461 648 1651 683 omnes
1672 632 1803 684 mihi
1826 634 2080 683 redditae

491 711 644 755 sunt:
683 717 861 767 neque
882 696 1046 751 facile
1069 699 1283 759 credas,
1306 706 1563 764 quantam
1584 697 1717 749 mihi
1742 700 2079 763 voluptatem

493 768 795 820 attulerint.
870 766 1195 833 Quanquam
1226 766 1369 816 enim
1398 780 1507 814 non
1538 779 1655 815 sum
1689 766 1889 815 solitus
1918 763 2080 815 valde

492 844 744 899 niagnam
775 846 960 883 curam
991 833 1276 897 suscipere
1316 830 1513 890 cleiis,
1556 845 1696 897 quae
1728 829 1796 881 ad
1825 845 1911 880 me
1944 827 2083 880 nihil

493 903 800 966 pertinent3
833 912 1012 965 neque
1034 899 1322 965 quisquam
1341 910 1571 975 usquam
1592 902 1681 946 est
1697 897 1894 956 minus,
1920 906 2084 961 qaam

493 979 781 1097 35‘215’3'3‘3’
807 960 1873 1099 {5322,¹:21³'32322353t33222‘32
1900 968 2087 1087 *2353

493 1100 791 1165 praecipue
829 1114 951 1149 cum
993 1112 1062 1148 ea
1086 1098 1441 1155 nunciantur,
1474 1108 1616 1162 quae
1644 1108 1795 1159 spem
1844 1093 2091 1144 afferunt

496 1172 592 1215 aut
628 1165 891 1215 victoriae
930 1172 1025 1214 aut
1055 1162 1325 1214 honestae
1365 1162 1599 1212 alicuius
1640 1160 2083 1227 compositionis.

495 1230 582 1283 De
604 1237 830 1297 recepto
849 1230 1083 1279 Avarico
1093 1230 1201 1279 iam
1223 1227 1313 1277 hic
1336 1228 1581 1278 auditum
1604 1234 1727 1277 erat
1742 1227 1915 1277 multo
1936 1231 2087 1289 ante,

499 1310 660 1361 quam
689 1303 814 1345 tuas
844 1309 910 1344 ea
941 1295 1010 1344 de
1041 1308 1102 1344 re
1121 1295 1340 1344 litteras
1360 1294 1688 1359 acciperem.
1760 1291 1871 1343 Sed
1890 1292 2090 1343 videor

572 1374 598 1408 r
618 1359 872 1410 nebulam
894 1359 1178 1410 inaudisse
1200 1358 1457 1424 quiddam
1472 1394 1487 1418 ,
1510 1358 1657 1424 quod
1680 1357 1825 1408 haud
1866 1360 1987 1409 scio
2018 1370 2091 1409 an

497 1375 702 1477 fitteris
723 1424 1067 1474 committere
1089 1425 1349 1486 debeam3
1385 1423 1643 1474 indicabo
1674 1424 1890 1474 leviter·
1958 1424 2097 1475 Ete-

501 1492 611 1542 nim
641 1491 686 1542 si
719 1490 918 1541 falsum
947 1495 1064 1552 est,
1092 1489 1231 1541 nihil
1260 1489 1491 1558 periculi
1526 1488 1723 1554 fuerit,
1764 1492 1985 1542 etiamsi
2009 1498 2093 1554 tu,

501 1557 632 1625 quid
655 1559 753 1619 sit,
786 1569 894 1607 non
915 1570 1243 1623 assequare3
1277 1557 1363 1607 sin
1383 1571 1598 1618 verum,
1629 1559 1875 1624 quamvis
1894 1558 2099 1609 leviter

503 1625 833 1686 admonitus,
852 1623 1020 1674 facile
1038 1630 1213 1675 totam
1235 1638 1349 1673 rem
1368 1623 1669 1690 intelliges.
1722 1624 1902 1676 Fuere
1920 1625 2099 1691 igitur

505 1690 622 1752 hic,
641 1692 733 1758 qui
756 1705 854 1757 pro
879 1697 1033 1741 certo
1057 1705 1124 1741 ac
1144 1693 1427 1755 comperto
1449 1691 1807 1752 affirmarent,
1842 1693 2095 1756 potuisse

505 1759 790 1875 ‘siim
801 1755 2100 1889 ⁹2235022⁹3533¹33122⁸3³2322'mium

805 1859 820 1884 ἱ
1468 1859 1485 1883 9

505 1890 782 1939 scelerata
804 1889 1044 1940 collusio
1083 1897 1181 1940 aut
1202 1890 1375 1941 stulta
1408 1890 1706 1941 clementia
1732 1889 1948 1939 alienae
1976 1888 2098 1940 vlr-

505 1955 611 2004 tuti
637 1953 1028 2019 impedimento
1057 1955 1277 2006 fuisset.
1348 1955 1513 2016 Quod
1532 1954 1580 2005 si
1600 1963 1715 2017 est,
1740 1954 1907 2006 facile
1924 1953 2100 2006 fuerit

477 2061 484 2068 .
507 2019 615 2069 iam
643 2034 784 2068 nunc
810 2021 1155 2084 prospicere,
1186 2021 1281 2086 qui
1298 2020 1519 2071 futurus
1539 2022 1613 2072 sit
1632 2021 1833 2072 exitus.
1902 2019 2099 2088 Neque

509 2084 653 2134 enim
673 2083 896 2134 dubium
917 2092 1028 2146 est,
1051 2087 1181 2151 quin
1206 2088 1615 2153 suum-quisque
1635 2088 1947 2138 institutum
1968 2101 2097 2137 con-

507 2156 825 2200 servaturus
848 2150 922 2199 sit
937 2151 1006 2200 ad
1027 2157 1348 2202 extremum.
1422 2151 1561 2202 O-mi
1585 2153 1832 2214 Canane,
1902 2152 1958 2203 ui
1974 2158 2096 2202 tan·

509 2215 632 2267 dem
654 2215 778 2266 finis
800 2213 960 2266 huius
981 2223 1091 2266 tam
1110 2216 1381 2267 molestae
1440 2219 1865 2285 eregrinationis
1904 2224 2099 2268 uturus

511 2283 628 2333 est?
667 2281 899 2342 Quando
934 2283 1065 2343 erit,
1094 2289 1158 2333 ut
1182 2282 1252 2332 ad
1296 2282 1391 2332 Eri
1432 2285 1525 2334 ani
1560 2291 1680 2345 aut,
1708 2285 1857 2350 quod
1888 2284 2095 2345 malim,

509 2349 578 2399 ad
607 2348 829 2398 Tiberis
868 2349 1043 2414 ripam
1066 2345 1473 2400 inambulantes
1505 2351 1802 2400 concinere
1821 2350 2100 2417 possimus

507 2413 645 2465 illud
667 2414 946 2480 Euripidis
959 2417 1027 2478 ψ)
1962 2431 1971 2435 ·

641 2511 828 2562 Suavis
849 2523 928 2566 est
943 2514 1184 2565 laborum
1195 2512 1616 2579 praeteritorum
1636 2509 1910 2563 memoria.

562 2593 602 2648 ·)
633 2595 904 2656 Andromed.
925 2597 1234 2663 Fragm3XV.
1264 2597 1408 2641 Dind-

735 2647 808 2688 ἄλλ
834 2648 984 2697 Museo
997 2659 1090 2690 utcu-⁹
1202 2666 1232 2699 μ
1253 2654 1445 2696 pario-§ou
1462 2655 1615 2690 πόνων.

508 2705 640 2750 quen
656 2707 834 2739 versun
855 2697 950 2742 cie.
971 2699 1029 2742 de
1043 2665 1206 2742 stiffi.
1234 2665 1306 2742 ξι.
1328 2696 1471 2742 latins
1486 2696 1643 2740 vertit.
