2275 3025
426 121 530 174 364
803 123 1123 174 mnam-1
1162 123 1263 174 ET
1298 85 1646 174 mmmm

428 241 510 280 m,
549 236 691 289 quae
713 237 821 289 ego
844 228 902 274 et
923 223 991 284 is,
1034 238 1196 339 ciuem
1219 238 1388 289 supra
1413 223 1721 288 designavi,
1760 223 1916 274 inter
1947 240 2062 276 nos

430 289 607 339 locuti
645 292 871 340 erimus.
961 287 1046 340 Va
1072 303 1119 340 e.
1164 289 1386 341 Patavii
1425 289 1604 356 pridie
1643 287 1838 341 Nonas
1878 291 2059 342 Febr.

428 369 571 406 anno
594 369 851 407 unnvm.

685 574 762 626 11.
812 575 891 628 M.
930 573 1352 628 ANTONIUS
1386 574 1786 628 MURETUS
1887 569 1892 578 '

942 673 1001 709 u.
1041 673 1339 713 mansino
1377 671 1424 708 s.
1462 671 1524 709 n.
1660 675 1666 680 ·

496 725 613 806 De
643 756 848 809 litteris
873 758 985 809 tuis
1014 757 1198 809 libero
1223 766 1281 811 te
1309 765 1484 810 metm
1523 772 1718 809 omnes
1744 756 1886 810 mihi
1913 766 2049 809 sunt

431 822 701 875 redditae.
774 823 1015 876 Niketus
1035 825 1206 876 venit.
1273 823 1360 876 De
1381 839 1668 888 sermone,
1705 838 1868 890 quem
1889 825 2045 875 ultr'o

430 888 685 956 citroque
704 889 1022 954 habuimus,
1062 889 1214 940 οὐδὲν
1231 891 1602 957 μυστηριῶδες.
1629 909 1632 912 ’
1674 890 2044 942 paucissimis

431 957 613 1007 verbis
638 956 897 1008 confecta
916 964 1040 1008 tota
1058 971 1152 1008 res
1173 965 1278 1009 est.
1349 957 1435 1008 lta
1455 972 1579 1007 eum
1601 972 1636 1007 a
1649 971 1738 1008 me
1759 956 1970 1019 dimisi,
1983 966 2046 1007 ut

428 1021 2044 1142 {2303130‘13{22052‘52’.233¹23”8;23333122“34335225

430 1105 556 1207 οοηιι)
588 1121 795 1209 litteris
827 1106 1148 1224 intelligege
1178 1159 1418 1224 poteris,
1457 1171 1599 1223 quae
1621 1157 1688 1206 ad
1709 1163 1766 1206 te
1789 1159 1900 1207 una
1917 1170 2041 1206 cum

432 1221 518 1273 his
540 1223 596 1272 in
619 1224 854 1276 eundem
875 1223 1125 1275 inclusae
1153 1222 1480 1274 fasciculum
1517 1221 1888 1288 perferentur.
1961 1223 2044 1272 Mi

432 1287 704 1339 Lambine
742 1291 951 1355 optime
996 1296 1055 1341 et
1091 1290 1457 1350 amicissime,
1498 1303 1708 1356 quaeso
1753 1295 1842 1350 te,
1881 1303 2041 1355 quae,

332 1411 335 1416 ,
432 1367 702 1421 quaenam
725 1369 833 1420 ego
862 1355 1085 1406 tandem
1119 1356 1292 1406 verba
1319 1357 1621 1423 reperiam,
1662 1354 1862 1422 quibus
1897 1370 2042 1405 com-

434 1419 584 1473 muni
605 1418 739 1469 hero
762 1427 977 1482 nostro,
992 1421 1335 1488 amplissimo
1357 1431 1523 1490 atque
1545 1421 2041 1473 ornatissimocar·

434 1484 606 1539 dinali
628 1486 919 1553 'turnonio
954 1489 1166 1555 gratias
1192 1489 1388 1556 agami
1422 1489 1637 1540 Adiuva
1667 1503 1784 1551 me,
1823 1490 1874 1540 si
1911 1488 2042 1554 quid

433 1559 614 1623 potes.
684 1554 822 1607 Nam
861 1568 969 1623 ego
999 1556 1221 1622 quidem
1243 1557 1624 1625 magnitudine
1643 1556 2042 1607 beneficiorum

436 1624 611 1690 ipsius
636 1622 693 1673 in
722 1636 811 1675 me
843 1622 1270 1689 obstupefactus
1302 1622 1530 1674 haereo.
1601 1624 1838 1673 Tantam
1865 1618 2041 1671 fuisse

434 1692 492 1741 in
511 1689 613 1741 illo
642 1689 815 1742 heroe
843 1687 1268 1751 humanitatem,
1310 1697 1400 1751 ut,
1440 1689 1590 1756 quod
1623 1703 1730 1757 ego
1765 1702 2043 1755 nunquam

438 1770 616 1823 neque
636 1763 829 1822 petere
852 1771 1031 1823 neque
1054 1764 1282 1823 sperare
1302 1772 1470 1808 ausus
1491 1770 1673 1807 essem
1691 1792 1706 1817 ‚
1735 1755 1792 1807 id
1812 1755 1935 1821 ipse
1954 1755 2041 1805 bis

435 1826 573 1885 iam,
631 1824 865 1888 primum
904 1823 1050 1890 apud
1088 1824 1410 1874 triumviros
1451 1822 1726 1889 gymnasii
1768 1821 2040 1882 Patavini,

438 1887 641 1938 deinde
664 1888 811 1953 apud
832 1888 994 1938 Card.
1016 1890 1435 1941 Ferrariensem
1457 1894 1653 1955 suapte
1673 1893 1874 1955 sponte
1896 1886 2041 1937 fece-

434 1952 540 2003 rit}
573 1952 787 2019 ltaque,
829 1968 897 2003 ne
919 1956 1119 2017 vivam,
1160 1958 1206 2007 si
1229 1972 1340 2007 non
1361 1957 1482 2007 dies
1505 1962 1809 2022 noctesque
1830 1954 2040 2019 cogito,

437 2019 636 2087 quibus
666 2019 849 2070 modis
878 2026 937 2069 et
961 2035 1047 2071 me
1069 2028 1288 2087 gratum
1311 2022 1608 2073 ostendere
1631 2028 1687 2072 et
1709 2034 2039 2072 conservare

434 2096 548 2137 tam
588 2085 864 2151 prolixam
900 2088 1079 2151 ipsius
1120 2103 1258 2155 erga
1297 2104 1385 2139 me
1425 2087 1774 2139 voluntatem
1826 2100 2038 2153 queam.

438 2152 695 2205 Scribere
723 2153 792 2203 ad
816 2167 940 2204 eum
962 2151 1319 2205 vehementer
1338 2156 1520 2221 cupio.
1593 2154 1704 2205 Sed
1727 2152 2039 2205 mehercule

434 2225 650 2271 tantum
688 2234 777 2271 me
815 2220 868 2269 ei
908 2218 1113 2271 debere
1152 2224 1356 2285 sentio,
1393 2229 1455 2273 ut
1490 2221 1662 2272 verba
1698 2219 1832 2272 mihi
1861 2219 2040 2269 desint

436 2286 659 2337 idonea.
715 2285 1109 2337 Verumtamen
1132 2290 1396 2339 constitui
1419 2287 1668 2339 scribere
1691 2288 1860 2353 idque
1882 2289 2036 2352 quam

437 2352 689 2419 primum.
746 2351 985 2414 lnterea,
1004 2354 1077 2402 mi
1101 2352 1388 2416 Lambine‚
1409 2363 1539 2419 peto
1565 2354 1664 2405 abs
1684 2361 1758 2414 te,
1782 2358 1843 2404 ut
1863 2365 2038 2413 cures,

439 2430 509 2467 ne
540 2432 696 2467 suam
724 2431 860 2483 erga
882 2432 971 2467 me
1001 2418 1344 2470 voluntatem
1362 2423 1632 2472 immutet.
1703 2419 1843 2471 Nam
1865 2418 2036 2468 Deum

441 2483 807 2534 immortalem
834 2490 1036 2546 testor,
1074 2485 1122 2535 si
1153 2484 1204 2535 is
1239 2500 1326 2535 me
1364 2501 1551 2537 amare
1592 2485 1830 2547 desinet,
1874 2484 2036 2534 vitam

437 2544 573 2597 mihi
600 2548 885 2598 insuavem
917 2549 1176 2601 futuram.
1243 2550 1402 2601 Meas
1435 2553 1504 2603 ad
1533 2552 1694 2603 Card.
1726 2550 2037 2601 Ferrarien-

440 2626 557 2663 sem
579 2611 795 2663 litteras
814 2615 918 2665 tibi
940 2616 1099 2667 mitto
1121 2615 1613 2686 vulgariltalorum
1635 2630 1892 2669 seriumne
1912 2617 2037 2669 scri-
