<?xml version="1.0" encoding="UTF-8"?>
<!DOCTYPE html PUBLIC "-//W3C//DTD XHTML 1.0 Transitional//EN"
    "http://www.w3.org/TR/xhtml1/DTD/xhtml1-transitional.dtd">
<html xmlns="http://www.w3.org/1999/xhtml" xml:lang="en" lang="en">
 <head>
  <title>
</title>
<meta http-equiv="Content-Type" content="text/html;charset=utf-8" />
  <meta name='ocr-system' content='tesseract 3.04.00' />
  <meta name='ocr-capabilities' content='ocr_page ocr_carea ocr_par ocr_line ocrx_word'/>
</head>
<body>
  <div class='ocr_page' id='page_1' title='image "./epistolae00unkngoog_0307.png"; bbox 0 0 2275 3025; ppageno 0'>
   <div class='ocr_carea' id='block_1_1' title="bbox 532 170 1839 224">
    <p class='ocr_par' dir='ltr' id='par_1_1' title="bbox 532 170 1839 224">
     <span class='ocr_line' id='line_1_1' title="bbox 532 170 1839 224; baseline 0 0"><span class='ocrx_word' id='word_1_1' title='bbox 532 171 791 224; x_wconf 75' lang='lat' dir='ltr'><strong>Ems‘r.</strong></span> <span class='ocrx_word' id='word_1_2' title='bbox 831 171 976 223; x_wconf 84' lang='lat' dir='ltr'><strong>LlB.</strong></span> <span class='ocrx_word' id='word_1_3' title='bbox 1016 173 1126 223; x_wconf 86' lang='lat'><strong>111.</strong></span> <span class='ocrx_word' id='word_1_4' title='bbox 1163 174 1285 224; x_wconf 80' lang='grc' dir='ltr'><strong>ΕΡ.</strong></span> <span class='ocrx_word' id='word_1_5' title='bbox 1323 170 1545 223; x_wconf 70' lang='lat' dir='ltr'><strong>Lxxlt</strong></span> <span class='ocrx_word' id='word_1_6' title='bbox 1739 173 1839 224; x_wconf 80' lang='lat'><strong>299</strong></span> 
     </span>
    </p>
   </div>
   <div class='ocr_carea' id='block_1_2' title="bbox 228 273 1843 2181">
    <p class='ocr_par' dir='ltr' id='par_1_2' title="bbox 228 273 1843 2181">
     <span class='ocr_line' id='line_1_2' title="bbox 245 273 1843 350; baseline -0.001 -27"><span class='ocrx_word' id='word_1_7' title='bbox 245 286 365 335; x_wconf 85' lang='lat' dir='ltr'><strong>nor,</strong></span> <span class='ocrx_word' id='word_1_8' title='bbox 387 279 515 324; x_wconf 87' lang='lat' dir='ltr'><strong>ante</strong></span> <span class='ocrx_word' id='word_1_9' title='bbox 538 273 712 323; x_wconf 88' lang='lat' dir='ltr'><strong>libros</strong></span> <span class='ocrx_word' id='word_1_10' title='bbox 734 275 1008 323; x_wconf 79' lang='lat' dir='ltr'><strong>variarum</strong></span> <span class='ocrx_word' id='word_1_11' title='bbox 1038 273 1340 322; x_wconf 88' lang='lat' dir='ltr'><strong>lectionum</strong></span> <span class='ocrx_word' id='word_1_12' title='bbox 1367 273 1635 331; x_wconf 78' lang='lat' dir='ltr'>ediderat,</span> <span class='ocrx_word' id='word_1_13' title='bbox 1658 275 1843 350; x_wconf 76' lang='lat' dir='ltr'><strong>exagi-</strong></span> 
     </span>
     <span class='ocr_line' id='line_1_3' title="bbox 244 337 1842 416; baseline 0 -28"><span class='ocrx_word' id='word_1_14' title='bbox 244 346 365 389; x_wconf 89' lang='lat' dir='ltr'><strong>tare</strong></span> <span class='ocrx_word' id='word_1_15' title='bbox 402 339 581 389; x_wconf 83' lang='lat' dir='ltr'><strong>nolui:</strong></span> <span class='ocrx_word' id='word_1_16' title='bbox 626 353 804 416; x_wconf 83' lang='lat' dir='ltr'><strong>neque</strong></span> <span class='ocrx_word' id='word_1_17' title='bbox 829 339 972 389; x_wconf 87' lang='lat' dir='ltr'><strong>enim</strong></span> <span class='ocrx_word' id='word_1_18' title='bbox 992 337 1123 388; x_wconf 84' lang='lat' dir='ltr'><strong>mihi</strong></span> <span class='ocrx_word' id='word_1_19' title='bbox 1148 352 1386 404; x_wconf 86' lang='lat' dir='ltr'><strong>unquam</strong></span> <span class='ocrx_word' id='word_1_20' title='bbox 1418 353 1484 388; x_wconf 83' lang='lat' dir='ltr'><strong>ex</strong></span> <span class='ocrx_word' id='word_1_21' title='bbox 1507 338 1740 388; x_wconf 87' lang='lat' dir='ltr'><strong>aliorum</strong></span> <span class='ocrx_word' id='word_1_22' title='bbox 1763 353 1842 388; x_wconf 74' lang='lat' dir='ltr'><strong>in·</strong></span> 
     </span>
     <span class='ocr_line' id='line_1_4' title="bbox 244 403 1843 470; baseline -0.001 -17"><span class='ocrx_word' id='word_1_23' title='bbox 244 406 554 455; x_wconf 78' lang='lat' dir='ltr'><strong>sectatione</strong></span> <span class='ocrx_word' id='word_1_24' title='bbox 595 404 831 470; x_wconf 77' lang='lat' dir='ltr'><strong>gloriam</strong></span> <span class='ocrx_word' id='word_1_25' title='bbox 873 403 1163 469; x_wconf 87' lang='lat' dir='ltr'><strong>petendam</strong></span> <span class='ocrx_word' id='word_1_26' title='bbox 1184 405 1388 468; x_wconf 79' lang='lat' dir='ltr'><strong>putavi.</strong></span> <span class='ocrx_word' id='word_1_27' title='bbox 1462 403 1625 464; x_wconf 77' lang='lat' dir='ltr'><strong>Quod</strong></span> <span class='ocrx_word' id='word_1_28' title='bbox 1661 409 1843 453; x_wconf 88' lang='lat' dir='ltr'><strong>autem</strong></span> 
     </span>
     <span class='ocr_line' id='line_1_5' title="bbox 241 467 1841 536; baseline -0.001 -17"><span class='ocrx_word' id='word_1_29' title='bbox 241 470 361 521; x_wconf 84' lang='lat' dir='ltr'><strong>illic</strong></span> <span class='ocrx_word' id='word_1_30' title='bbox 382 471 430 532; x_wconf 77' lang='lat'><strong>*)</strong></span> <span class='ocrx_word' id='word_1_31' title='bbox 469 483 687 536; x_wconf 90' lang='lat' dir='ltr'><strong>quoque</strong></span> <span class='ocrx_word' id='word_1_32' title='bbox 710 485 840 520; x_wconf 84' lang='lat' dir='ltr'><strong>usus</strong></span> <span class='ocrx_word' id='word_1_33' title='bbox 864 485 983 520; x_wconf 88' lang='lat' dir='ltr'><strong>sum</strong></span> <span class='ocrx_word' id='word_1_34' title='bbox 1009 471 1179 520; x_wconf 84' lang='lat' dir='ltr'><strong>verbo</strong></span> <span class='ocrx_word' id='word_1_35' title='bbox 1194 468 1442 535; x_wconf 76' lang='lat' dir='ltr'><strong>putandi,</strong></span> <span class='ocrx_word' id='word_1_36' title='bbox 1470 485 1581 519; x_wconf 86' lang='lat' dir='ltr'><strong>non</strong></span> <span class='ocrx_word' id='word_1_37' title='bbox 1609 483 1676 518; x_wconf 91' lang='lat' dir='ltr'><strong>eo</strong></span> <span class='ocrx_word' id='word_1_38' title='bbox 1712 467 1841 531; x_wconf 81' lang='lat' dir='ltr'><strong>feci,</strong></span> 
     </span>
     <span class='ocr_line' id='line_1_6' title="bbox 240 535 1840 601; baseline 0 -16"><span class='ocrx_word' id='word_1_39' title='bbox 240 536 387 601; x_wconf 91' lang='lat' dir='ltr'><strong>quod</strong></span> <span class='ocrx_word' id='word_1_40' title='bbox 408 550 497 586; x_wconf 87' lang='lat' dir='ltr'><strong>res</strong></span> <span class='ocrx_word' id='word_1_41' title='bbox 519 535 661 599; x_wconf 86' lang='lat' dir='ltr'><strong>apud</strong></span> <span class='ocrx_word' id='word_1_42' title='bbox 682 549 768 584; x_wconf 87' lang='lat' dir='ltr'><strong>me·</strong></span> <span class='ocrx_word' id='word_1_43' title='bbox 790 535 957 586; x_wconf 86' lang='lat' dir='ltr'><strong>dubia</strong></span> <span class='ocrx_word' id='word_1_44' title='bbox 972 543 1148 587; x_wconf 79' lang='lat' dir='ltr'><strong>esset:</strong></span> <span class='ocrx_word' id='word_1_45' title='bbox 1171 535 1362 596; x_wconf 88' lang='lat' dir='ltr'><strong>sed,ut</strong></span> <span class='ocrx_word' id='word_1_46' title='bbox 1379 542 1439 585; x_wconf 93' lang='lat' dir='ltr'><strong>tu</strong></span> <span class='ocrx_word' id='word_1_47' title='bbox 1459 541 1611 585; x_wconf 88' lang='lat' dir='ltr'><strong>recte</strong></span> <span class='ocrx_word' id='word_1_48' title='bbox 1627 549 1690 584; x_wconf 86' lang='lat' dir='ltr'><strong>ac</strong></span> <span class='ocrx_word' id='word_1_49' title='bbox 1710 548 1840 585; x_wconf 81' lang='lat' dir='ltr'><strong>vere</strong></span> 
     </span>
     <span class='ocr_line' id='line_1_7' title="bbox 239 601 1838 668; baseline -0.001 -18"><span class='ocrx_word' id='word_1_50' title='bbox 239 602 473 665; x_wconf 80' lang='lat' dir='ltr'><strong>accipis,</strong></span> <span class='ocrx_word' id='word_1_51' title='bbox 494 617 563 650; x_wconf 88' lang='lat' dir='ltr'><strong>ne</strong></span> <span class='ocrx_word' id='word_1_52' title='bbox 586 601 674 650; x_wconf 86' lang='lat' dir='ltr'><strong>cui</strong></span> <span class='ocrx_word' id='word_1_53' title='bbox 695 603 1045 668; x_wconf 81' lang='lat' dir='ltr'><strong>arrogantius</strong></span> <span class='ocrx_word' id='word_1_54' title='bbox 1068 601 1222 668; x_wconf 92' lang='lat' dir='ltr'><strong>loqui</strong></span> <span class='ocrx_word' id='word_1_55' title='bbox 1247 601 1479 652; x_wconf 86' lang='lat' dir='ltr'><strong>viderer.</strong></span> <span class='ocrx_word' id='word_1_56' title='bbox 1505 601 1616 652; x_wconf 86' lang='lat' dir='ltr'><strong>Iste</strong></span> <span class='ocrx_word' id='word_1_57' title='bbox 1637 605 1838 658; x_wconf 82' lang='lat' dir='ltr'><strong>autem,</strong></span> 
     </span>
     <span class='ocr_line' id='line_1_8' title="bbox 238 667 1840 744; baseline 0 -29"><span class='ocrx_word' id='word_1_58' title='bbox 238 669 492 732; x_wconf 84' lang='lat' dir='ltr'><strong>quisquis</strong></span> <span class='ocrx_word' id='word_1_59' title='bbox 542 672 645 726; x_wconf 89' lang='lat' dir='ltr'><strong>est,</strong></span> <span class='ocrx_word' id='word_1_60' title='bbox 682 667 774 732; x_wconf 91' lang='lat' dir='ltr'><strong>qui</strong></span> <span class='ocrx_word' id='word_1_61' title='bbox 804 675 967 744; x_wconf 80' lang='lat' dir='ltr'><strong>&#39;putat</strong></span> <span class='ocrx_word' id='word_1_62' title='bbox 988 681 1075 718; x_wconf 88' lang='lat' dir='ltr'><strong>me</strong></span> <span class='ocrx_word' id='word_1_63' title='bbox 1097 681 1257 717; x_wconf 86' lang='lat' dir='ltr'><strong>usum</strong></span> <span class='ocrx_word' id='word_1_64' title='bbox 1280 681 1348 718; x_wconf 91' lang='lat' dir='ltr'><strong>eo</strong></span> <span class='ocrx_word' id='word_1_65' title='bbox 1371 667 1561 729; x_wconf 83' lang='lat' dir='ltr'><strong>verbo,</strong></span> <span class='ocrx_word' id='word_1_66' title='bbox 1584 667 1731 732; x_wconf 93' lang='lat' dir='ltr'><strong>quod</strong></span> <span class='ocrx_word' id='word_1_67' title='bbox 1752 681 1840 716; x_wconf 87' lang='lat' dir='ltr'><strong>su-</strong></span> 
     </span>
     <span class='ocr_line' id='line_1_9' title="bbox 236 732 1838 800; baseline -0.001 -18"><span class='ocrx_word' id='word_1_68' title='bbox 236 732 505 798; x_wconf 75' lang='lat' dir='ltr'><strong>spicantis</strong></span> <span class='ocrx_word' id='word_1_69' title='bbox 526 733 709 798; x_wconf 85' lang='lat' dir='ltr'><strong>potius</strong></span> <span class='ocrx_word' id='word_1_70' title='bbox 728 741 896 795; x_wconf 87' lang='lat' dir='ltr'><strong>esset,</strong></span> <span class='ocrx_word' id='word_1_71' title='bbox 910 749 1069 800; x_wconf 86' lang='lat' dir='ltr'><strong>quam</strong></span> <span class='ocrx_word' id='word_1_72' title='bbox 1092 735 1260 785; x_wconf 89' lang='lat' dir='ltr'><strong>ullam</strong></span> <span class='ocrx_word' id='word_1_73' title='bbox 1281 740 1488 784; x_wconf 88' lang='lat' dir='ltr'><strong>certam</strong></span> <span class='ocrx_word' id='word_1_74' title='bbox 1509 733 1838 783; x_wconf 81' lang='lat' dir='ltr'><strong>sententiam</strong></span> 
     </span>
     <span class='ocr_line' id='line_1_10' title="bbox 234 797 1836 864; baseline 0.001 -16"><span class='ocrx_word' id='word_1_75' title='bbox 234 797 593 864; x_wconf 81' lang='lat' dir='ltr'><strong>proferentis,</strong></span> <span class='ocrx_word' id='word_1_76' title='bbox 633 799 795 850; x_wconf 86' lang='lat' dir='ltr'><strong>tritus</strong></span> <span class='ocrx_word' id='word_1_77' title='bbox 836 800 1099 852; x_wconf 82' lang='lat' dir='ltr'><strong>videlicet</strong></span> <span class='ocrx_word' id='word_1_78' title='bbox 1125 814 1237 850; x_wconf 91' lang='lat' dir='ltr'><strong>non</strong></span> <span class='ocrx_word' id='word_1_79' title='bbox 1259 807 1345 849; x_wconf 88' lang='lat' dir='ltr'><strong>est</strong></span> <span class='ocrx_word' id='word_1_80' title='bbox 1373 799 1429 850; x_wconf 89' lang='lat' dir='ltr'><strong>in</strong></span> <span class='ocrx_word' id='word_1_81' title='bbox 1451 799 1732 849; x_wconf 86' lang='lat' dir='ltr'><strong>veteribus</strong></span> <span class='ocrx_word' id='word_1_82' title='bbox 1772 797 1836 850; x_wconf 81' lang='lat' dir='ltr'><strong>il-</strong></span> 
     </span>
     <span class='ocr_line' id='line_1_11' title="bbox 234 864 1836 933; baseline -0.001 -18"><span class='ocrx_word' id='word_1_83' title='bbox 234 865 327 925; x_wconf 88' lang='lat' dir='ltr'><strong>lis,</strong></span> <span class='ocrx_word' id='word_1_84' title='bbox 350 865 443 930; x_wconf 90' lang='lat' dir='ltr'><strong>qui</strong></span> <span class='ocrx_word' id='word_1_85' title='bbox 464 867 629 914; x_wconf 87' lang='lat' dir='ltr'><strong>etiam</strong></span> <span class='ocrx_word' id='word_1_86' title='bbox 648 866 703 915; x_wconf 88' lang='lat' dir='ltr'><strong>in</strong></span> <span class='ocrx_word' id='word_1_87' title='bbox 722 864 807 916; x_wconf 85' lang='lat' dir='ltr'><strong>his</strong></span> <span class='ocrx_word' id='word_1_88' title='bbox 831 867 1014 928; x_wconf 88' lang='lat' dir='ltr'><strong>rebus,</strong></span> <span class='ocrx_word' id='word_1_89' title='bbox 1036 882 1172 933; x_wconf 86' lang='lat' dir='ltr'><strong>quas</strong></span> <span class='ocrx_word' id='word_1_90' title='bbox 1192 880 1292 930; x_wconf 93' lang='lat' dir='ltr'><strong>pro</strong></span> <span class='ocrx_word' id='word_1_91' title='bbox 1319 866 1648 916; x_wconf 81' lang='lat' dir='ltr'><strong>certissimis</strong></span> <span class='ocrx_word' id='word_1_92' title='bbox 1669 871 1726 915; x_wconf 91' lang='lat' dir='ltr'><strong>et</strong></span> <span class='ocrx_word' id='word_1_93' title='bbox 1745 878 1836 914; x_wconf 84' lang='lat' dir='ltr'><strong>ex·</strong></span> 
     </span>
     <span class='ocr_line' id='line_1_12' title="bbox 232 929 1836 996; baseline 0.001 -18"><span class='ocrx_word' id='word_1_94' title='bbox 232 929 629 996; x_wconf 81' lang='lat' dir='ltr'><strong>ploratissimis</strong></span> <span class='ocrx_word' id='word_1_95' title='bbox 664 929 856 982; x_wconf 89' lang='lat' dir='ltr'><strong>haberi</strong></span> <span class='ocrx_word' id='word_1_96' title='bbox 884 933 1096 993; x_wconf 82' lang='lat' dir='ltr'><strong>volunt,</strong></span> <span class='ocrx_word' id='word_1_97' title='bbox 1139 946 1308 995; x_wconf 86' lang='lat' dir='ltr'><strong>saepe</strong></span> <span class='ocrx_word' id='word_1_98' title='bbox 1339 930 1437 980; x_wconf 86' lang='lat' dir='ltr'><strong>bas</strong></span> <span class='ocrx_word' id='word_1_99' title='bbox 1475 945 1642 981; x_wconf 75' lang='lat' dir='ltr'><strong>voces</strong></span> <span class='ocrx_word' id='word_1_100' title='bbox 1683 929 1836 980; x_wconf 80' lang='lat' dir='ltr'><strong>adhi-</strong></span> 
     </span>
     <span class='ocr_line' id='line_1_13' title="bbox 232 996 1834 1064; baseline -0.001 -18"><span class='ocrx_word' id='word_1_101' title='bbox 232 997 386 1057; x_wconf 88' lang='lat' dir='ltr'><strong>bent,</strong></span> <span class='ocrx_word' id='word_1_102' title='bbox 409 997 558 1052; x_wconf 71' lang='grc' dir='ltr'><strong><em>ἔοικε,</em></strong></span> <span class='ocrx_word' id='word_1_103' title='bbox 580 996 738 1055; x_wconf 76' lang='grc' dir='ltr'><strong><em>δοκεῖ,</em></strong></span> <span class='ocrx_word' id='word_1_104' title='bbox 758 999 879 1052; x_wconf 69' lang='grc' dir='ltr'><strong>ἴσως</strong></span> <span class='ocrx_word' id='word_1_105' title='bbox 896 1003 954 1048; x_wconf 91' lang='lat' dir='ltr'><strong>et</strong></span> <span class='ocrx_word' id='word_1_106' title='bbox 977 997 1226 1048; x_wconf 82' lang='lat' dir='ltr'><strong>eiusdem</strong></span> <span class='ocrx_word' id='word_1_107' title='bbox 1248 997 1470 1064; x_wconf 86' lang='lat' dir='ltr'><strong>generis</strong></span> <span class='ocrx_word' id='word_1_108' title='bbox 1492 997 1649 1047; x_wconf 88' lang='lat' dir='ltr'><strong>alias.</strong></span> <span class='ocrx_word' id='word_1_109' title='bbox 1673 996 1834 1056; x_wconf 77' lang='lat' dir='ltr'><strong>Quod</strong></span> 
     </span>
     <span class='ocr_line' id='line_1_14' title="bbox 232 1061 1835 1176; baseline 0 -66"><span class='ocrx_word' id='word_1_110' title='bbox 232 1063 481 1176; x_wconf 64' lang='lat' dir='ltr'><strong>quaeris,</strong></span> <span class='ocrx_word' id='word_1_111' title='bbox 528 1076 669 1126; x_wconf 89' lang='lat' dir='ltr'><strong>quae</strong></span> <span class='ocrx_word' id='word_1_112' title='bbox 722 1078 891 1114; x_wconf 89' lang='lat' dir='ltr'><strong>causa</strong></span> <span class='ocrx_word' id='word_1_113' title='bbox 941 1063 1050 1113; x_wconf 89' lang='lat' dir='ltr'><strong>loci</strong></span> <span class='ocrx_word' id='word_1_114' title='bbox 1101 1063 1486 1127; x_wconf 85' lang='lat' dir='ltr'><strong>corrumpendi</strong></span> <span class='ocrx_word' id='word_1_115' title='bbox 1537 1062 1713 1113; x_wconf 75' lang='lat' dir='ltr'><strong>fuisse</strong></span> <span class='ocrx_word' id='word_1_116' title='bbox 1761 1061 1835 1110; x_wconf 80' lang='lat' dir='ltr'><strong>vi·</strong></span> 
     </span>
     <span class='ocr_line' id='line_1_15' title="bbox 278 1127 1836 1188; baseline 0.001 -12"><span class='ocrx_word' id='word_1_117' title='bbox 278 1133 458 1188; x_wconf 83' lang='lat' dir='ltr'><strong>eatur,</strong></span> <span class='ocrx_word' id='word_1_118' title='bbox 499 1127 675 1177; x_wconf 85' lang='lat' dir='ltr'><strong>dicam</strong></span> <span class='ocrx_word' id='word_1_119' title='bbox 720 1128 840 1177; x_wconf 85' lang='lat' dir='ltr'><strong>tibi.</strong></span> <span class='ocrx_word' id='word_1_120' title='bbox 913 1128 973 1178; x_wconf 86' lang='lat' dir='ltr'><strong>ln</strong></span> <span class='ocrx_word' id='word_1_121' title='bbox 1032 1129 1423 1179; x_wconf 81' lang='lat' dir='ltr'><strong>vetustissimis</strong></span> <span class='ocrx_word' id='word_1_122' title='bbox 1483 1127 1691 1187; x_wconf 82' lang='lat' dir='ltr'><strong>Plauti,</strong></span> <span class='ocrx_word' id='word_1_123' title='bbox 1731 1127 1836 1177; x_wconf 86' lang='lat' dir='ltr'><strong>Te·</strong></span> 
     </span>
     <span class='ocr_line' id='line_1_16' title="bbox 234 1191 1834 1259; baseline -0.001 -17"><span class='ocrx_word' id='word_1_124' title='bbox 234 1192 433 1254; x_wconf 82' lang='lat' dir='ltr'><strong>rentii,</strong></span> <span class='ocrx_word' id='word_1_125' title='bbox 505 1191 889 1258; x_wconf 82' lang='lat' dir='ltr'><strong>Aristophanis</strong></span> <span class='ocrx_word' id='word_1_126' title='bbox 938 1195 1347 1259; x_wconf 82' lang='lat' dir='ltr'><strong>exemplaribus</strong></span> <span class='ocrx_word' id='word_1_127' title='bbox 1384 1208 1562 1258; x_wconf 85' lang='lat' dir='ltr'><strong>neque</strong></span> <span class='ocrx_word' id='word_1_128' title='bbox 1615 1199 1834 1242; x_wconf 81' lang='lat' dir='ltr'><strong>actuum</strong></span> 
     </span>
     <span class='ocr_line' id='line_1_17' title="bbox 236 1258 1835 1324; baseline -0.001 -16"><span class='ocrx_word' id='word_1_129' title='bbox 236 1272 437 1323; x_wconf 85' lang='lat' dir='ltr'><strong>neque,</strong></span> <span class='ocrx_word' id='word_1_130' title='bbox 461 1265 521 1308; x_wconf 91' lang='lat' dir='ltr'><strong>ut</strong></span> <span class='ocrx_word' id='word_1_131' title='bbox 540 1258 753 1308; x_wconf 90' lang='lat' dir='ltr'><strong>indocti</strong></span> <span class='ocrx_word' id='word_1_132' title='bbox 774 1265 975 1324; x_wconf 84' lang='lat' dir='ltr'><strong>postea</strong></span> <span class='ocrx_word' id='word_1_133' title='bbox 994 1259 1173 1310; x_wconf 89' lang='lat' dir='ltr'><strong>locuti</strong></span> <span class='ocrx_word' id='word_1_134' title='bbox 1193 1267 1347 1321; x_wconf 89' lang='lat' dir='ltr'><strong>sunt,</strong></span> <span class='ocrx_word' id='word_1_135' title='bbox 1373 1271 1659 1308; x_wconf 84' lang='lat' dir='ltr'><strong>scenarum</strong></span> <span class='ocrx_word' id='word_1_136' title='bbox 1682 1273 1746 1308; x_wconf 85' lang='lat' dir='ltr'><strong>ac</strong></span> <span class='ocrx_word' id='word_1_137' title='bbox 1767 1272 1835 1306; x_wconf 88' lang='lat' dir='ltr'><strong>ne</strong></span> 
     </span>
     <span class='ocr_line' id='line_1_18' title="bbox 237 1324 1837 1389; baseline 0.001 -16"><span class='ocrx_word' id='word_1_138' title='bbox 237 1338 598 1389; x_wconf 82' lang='lat' dir='ltr'><strong>personarum</strong></span> <span class='ocrx_word' id='word_1_139' title='bbox 620 1325 839 1389; x_wconf 88' lang='lat' dir='ltr'><strong>quidem</strong></span> <span class='ocrx_word' id='word_1_140' title='bbox 863 1325 977 1375; x_wconf 90' lang='lat' dir='ltr'><strong>ulla</strong></span> <span class='ocrx_word' id='word_1_141' title='bbox 996 1331 1151 1376; x_wconf 86' lang='lat' dir='ltr'><strong>certa</strong></span> <span class='ocrx_word' id='word_1_142' title='bbox 1171 1325 1456 1376; x_wconf 86' lang='lat' dir='ltr'><strong>distinctio</strong></span> <span class='ocrx_word' id='word_1_143' title='bbox 1479 1330 1614 1374; x_wconf 86' lang='lat' dir='ltr'><strong>erat.</strong></span> <span class='ocrx_word' id='word_1_144' title='bbox 1641 1324 1837 1374; x_wconf 88' lang='lat' dir='ltr'><strong>Omnia</strong></span> 
     </span>
     <span class='ocr_line' id='line_1_19' title="bbox 238 1390 1834 1458; baseline -0.001 -18"><span class='ocrx_word' id='word_1_145' title='bbox 238 1390 588 1440; x_wconf 81' lang='lat' dir='ltr'><strong>continenter</strong></span> <span class='ocrx_word' id='word_1_146' title='bbox 606 1390 1012 1442; x_wconf 84' lang='lat' dir='ltr'><strong>scribebantur:</strong></span> <span class='ocrx_word' id='word_1_147' title='bbox 1027 1393 1134 1442; x_wconf 86' lang='lat' dir='ltr'><strong>nisi</strong></span> <span class='ocrx_word' id='word_1_148' title='bbox 1150 1393 1297 1458; x_wconf 88' lang='lat' dir='ltr'><strong>quod</strong></span> <span class='ocrx_word' id='word_1_149' title='bbox 1313 1394 1458 1442; x_wconf 83' lang='lat' dir='ltr'><strong>inter</strong></span> <span class='ocrx_word' id='word_1_150' title='bbox 1477 1405 1834 1456; x_wconf 84' lang='lat' dir='ltr'><strong>personarum</strong></span> 
     </span>
     <span class='ocr_line' id='line_1_20' title="bbox 241 1456 1833 1525; baseline 0 -18"><span class='ocrx_word' id='word_1_151' title='bbox 241 1457 390 1507; x_wconf 86' lang='lat' dir='ltr'><strong>dicta</strong></span> <span class='ocrx_word' id='word_1_152' title='bbox 412 1457 668 1523; x_wconf 86' lang='lat' dir='ltr'><strong>exiguum</strong></span> <span class='ocrx_word' id='word_1_153' title='bbox 692 1457 917 1525; x_wconf 87' lang='lat' dir='ltr'><strong>aliquod</strong></span> <span class='ocrx_word' id='word_1_154' title='bbox 938 1459 1102 1508; x_wconf 89' lang='lat' dir='ltr'><strong>inane</strong></span> <span class='ocrx_word' id='word_1_155' title='bbox 1134 1459 1369 1525; x_wconf 87' lang='lat' dir='ltr'><strong>spatium</strong></span> <span class='ocrx_word' id='word_1_156' title='bbox 1400 1456 1833 1524; x_wconf 80' lang='lat' dir='ltr'><strong>relinquebatur.</strong></span> 
     </span>
     <span class='ocr_line' id='line_1_21' title="bbox 238 1524 1834 1589; baseline 0.001 -17"><span class='ocrx_word' id='word_1_157' title='bbox 238 1524 369 1573; x_wconf 89' lang='lat' dir='ltr'><strong>lnde</strong></span> <span class='ocrx_word' id='word_1_158' title='bbox 394 1524 524 1574; x_wconf 90' lang='lat' dir='ltr'><strong>illae</strong></span> <span class='ocrx_word' id='word_1_159' title='bbox 541 1526 989 1589; x_wconf 79' lang='lat' dir='ltr'><strong>perturbationes</strong></span> <span class='ocrx_word' id='word_1_160' title='bbox 1012 1541 1075 1575; x_wconf 86' lang='lat' dir='ltr'><strong>ac</strong></span> <span class='ocrx_word' id='word_1_161' title='bbox 1098 1524 1456 1575; x_wconf 82' lang='lat' dir='ltr'><strong>confusiones</strong></span> <span class='ocrx_word' id='word_1_162' title='bbox 1485 1526 1834 1585; x_wconf 85' lang='lat' dir='ltr'><strong>exstiterunt,</strong></span> 
     </span>
     <span class='ocr_line' id='line_1_22' title="bbox 238 1588 1837 1656; baseline -0.002 -15"><span class='ocrx_word' id='word_1_163' title='bbox 238 1605 361 1641; x_wconf 88' lang='lat' dir='ltr'><strong>cum</strong></span> <span class='ocrx_word' id='word_1_164' title='bbox 402 1605 501 1655; x_wconf 88' lang='lat' dir='ltr'><strong>pro</strong></span> <span class='ocrx_word' id='word_1_165' title='bbox 543 1606 644 1640; x_wconf 89' lang='lat' dir='ltr'><strong>suo</strong></span> <span class='ocrx_word' id='word_1_166' title='bbox 687 1591 810 1656; x_wconf 87' lang='lat' dir='ltr'><strong>quis</strong></span> <span class='ocrx_word' id='word_1_167' title='bbox 851 1605 919 1640; x_wconf 87' lang='lat' dir='ltr'><strong>ue</strong></span> <span class='ocrx_word' id='word_1_168' title='bbox 954 1598 1117 1656; x_wconf 86' lang='lat' dir='ltr'><strong>captu</strong></span> <span class='ocrx_word' id='word_1_169' title='bbox 1159 1589 1264 1639; x_wconf 82' lang='lat' dir='ltr'><strong>boc</strong></span> <span class='ocrx_word' id='word_1_170' title='bbox 1285 1595 1342 1638; x_wconf 90' lang='lat' dir='ltr'><strong>et</strong></span> <span class='ocrx_word' id='word_1_171' title='bbox 1361 1590 1498 1638; x_wconf 89' lang='lat' dir='ltr'><strong>illud</strong></span> <span class='ocrx_word' id='word_1_172' title='bbox 1521 1590 1589 1639; x_wconf 89' lang='lat' dir='ltr'><strong>ab</strong></span> <span class='ocrx_word' id='word_1_173' title='bbox 1611 1588 1718 1639; x_wconf 85' lang='lat' dir='ltr'><strong>hoc</strong></span> <span class='ocrx_word' id='word_1_174' title='bbox 1742 1596 1837 1638; x_wconf 85' lang='lat' dir='ltr'><strong>aut</strong></span> 
     </span>
     <span class='ocr_line' id='line_1_23' title="bbox 235 1653 1831 1719; baseline -0.002 -13"><span class='ocrx_word' id='word_1_175' title='bbox 235 1655 336 1706; x_wconf 89' lang='lat' dir='ltr'><strong>illo</strong></span> <span class='ocrx_word' id='word_1_176' title='bbox 363 1655 472 1705; x_wconf 87' lang='lat' dir='ltr'><strong>dici</strong></span> <span class='ocrx_word' id='word_1_177' title='bbox 496 1661 731 1719; x_wconf 87' lang='lat' dir='ltr'><strong>putaret.</strong></span> <span class='ocrx_word' id='word_1_178' title='bbox 850 1662 871 1703; x_wconf 89' lang='lat' dir='ltr'><strong>t</strong></span> <span class='ocrx_word' id='word_1_179' title='bbox 890 1658 1011 1705; x_wconf 91' lang='lat' dir='ltr'><strong>eius</strong></span> <span class='ocrx_word' id='word_1_180' title='bbox 1031 1655 1320 1704; x_wconf 83' lang='lat' dir='ltr'><strong>varietatis</strong></span> <span class='ocrx_word' id='word_1_181' title='bbox 1337 1653 1534 1702; x_wconf 82' lang='lat' dir='ltr'><strong>crebra</strong></span> <span class='ocrx_word' id='word_1_182' title='bbox 1559 1661 1646 1703; x_wconf 83' lang='lat' dir='ltr'><strong>est</strong></span> <span class='ocrx_word' id='word_1_183' title='bbox 1668 1655 1831 1703; x_wconf 88' lang='lat' dir='ltr'><strong>etiam</strong></span> 
     </span>
     <span class='ocr_line' id='line_1_24' title="bbox 234 1718 1831 1799; baseline -0.003 -28"><span class='ocrx_word' id='word_1_184' title='bbox 234 1720 379 1799; x_wconf 86' lang='lat' dir='ltr'><strong>apud</strong></span> <span class='ocrx_word' id='word_1_185' title='bbox 404 1720 677 1769; x_wconf 88' lang='lat' dir='ltr'><strong>Donatum</strong></span> <span class='ocrx_word' id='word_1_186' title='bbox 696 1720 922 1768; x_wconf 89' lang='lat' dir='ltr'><strong>mentio.</strong></span> <span class='ocrx_word' id='word_1_187' title='bbox 980 1718 1091 1769; x_wconf 85' lang='lat' dir='ltr'><strong>Sed</strong></span> <span class='ocrx_word' id='word_1_188' title='bbox 1112 1733 1237 1785; x_wconf 86' lang='lat' dir='ltr'><strong>ego,</strong></span> <span class='ocrx_word' id='word_1_189' title='bbox 1253 1720 1451 1782; x_wconf 74' lang='lat' dir='ltr'><strong>quinne</strong></span> <span class='ocrx_word' id='word_1_190' title='bbox 1467 1719 1687 1767; x_wconf 81' lang='lat' dir='ltr'><strong>brevem</strong></span> <span class='ocrx_word' id='word_1_191' title='bbox 1709 1718 1831 1768; x_wconf 83' lang='lat' dir='ltr'><strong>fore</strong></span> 
     </span>
     <span class='ocr_line' id='line_1_25' title="bbox 237 1782 1831 1848; baseline -0.002 -12"><span class='ocrx_word' id='word_1_192' title='bbox 237 1787 505 1844; x_wconf 87' lang='lat' dir='ltr'><strong>d1xeram,</strong></span> <span class='ocrx_word' id='word_1_193' title='bbox 531 1784 680 1834; x_wconf 87' lang='lat' dir='ltr'><strong>iusto</strong></span> <span class='ocrx_word' id='word_1_194' title='bbox 712 1784 877 1833; x_wconf 87' lang='lat' dir='ltr'><strong>etiam</strong></span> <span class='ocrx_word' id='word_1_195' title='bbox 906 1783 1200 1833; x_wconf 78' lang='lat' dir='ltr'><strong>verbosior</strong></span> <span class='ocrx_word' id='word_1_196' title='bbox 1225 1782 1324 1832; x_wconf 83' lang='lat' dir='ltr'><strong>fui.</strong></span> <span class='ocrx_word' id='word_1_197' title='bbox 1395 1784 1480 1832; x_wconf 81' lang='lat' dir='ltr'><strong>&#39;l&#39;u</strong></span> <span class='ocrx_word' id='word_1_198' title='bbox 1509 1790 1710 1843; x_wconf 87' lang='lat' dir='ltr'><strong>tamen,</strong></span> <span class='ocrx_word' id='word_1_199' title='bbox 1725 1785 1831 1848; x_wconf 78' lang='lat' dir='ltr'><strong>.qui</strong></span> 
     </span>
     <span class='ocr_line' id='line_1_26' title="bbox 233 1846 1829 1914; baseline -0.001 -14"><span class='ocrx_word' id='word_1_200' title='bbox 233 1850 496 1900; x_wconf 78' lang='lat' dir='ltr'><strong>brevitati</strong></span> <span class='ocrx_word' id='word_1_201' title='bbox 515 1849 848 1914; x_wconf 79' lang='lat' dir='ltr'><strong>ignovisses,</strong></span> <span class='ocrx_word' id='word_1_202' title='bbox 875 1848 1139 1899; x_wconf 86' lang='lat' dir='ltr'><strong>libentius</strong></span> <span class='ocrx_word' id='word_1_203' title='bbox 1180 1848 1284 1898; x_wconf 87' lang='lat' dir='ltr'><strong>nisi</strong></span> <span class='ocrx_word' id='word_1_204' title='bbox 1316 1862 1404 1897; x_wconf 89' lang='lat' dir='ltr'><strong>me</strong></span> <span class='ocrx_word' id='word_1_205' title='bbox 1433 1846 1580 1898; x_wconf 86' lang='lat' dir='ltr'><strong>fallit</strong></span> <span class='ocrx_word' id='word_1_206' title='bbox 1599 1850 1829 1910; x_wconf 87' lang='lat' dir='ltr'><strong>animus,</strong></span> 
     </span>
     <span class='ocr_line' id='line_1_27' title="bbox 233 1913 1832 1981; baseline 0 -16"><span class='ocrx_word' id='word_1_207' title='bbox 233 1917 498 1981; x_wconf 79' lang='lat' dir='ltr'><strong>ignosces</strong></span> <span class='ocrx_word' id='word_1_208' title='bbox 536 1914 881 1979; x_wconf 82' lang='lat' dir='ltr'><strong>loquacitati.</strong></span> <span class='ocrx_word' id='word_1_209' title='bbox 968 1914 1195 1966; x_wconf 87' lang='lat' dir='ltr'><strong>Petrum</strong></span> <span class='ocrx_word' id='word_1_210' title='bbox 1245 1913 1508 1964; x_wconf 80' lang='lat' dir='ltr'><strong>Galesum</strong></span> <span class='ocrx_word' id='word_1_211' title='bbox 1546 1914 1736 1964; x_wconf 75' lang='lat' dir='ltr'><strong>videre</strong></span> <span class='ocrx_word' id='word_1_212' title='bbox 1775 1922 1832 1965; x_wconf 86' lang='lat' dir='ltr'><strong>et</strong></span> 
     </span>
     <span class='ocr_line' id='line_1_28' title="bbox 232 1979 1826 2047; baseline 0 -16"><span class='ocrx_word' id='word_1_213' title='bbox 232 1980 536 2045; x_wconf 83' lang='lat' dir='ltr'><strong>amplexari</strong></span> <span class='ocrx_word' id='word_1_214' title='bbox 555 1979 823 2045; x_wconf 81' lang='lat' dir='ltr'><strong>discupio.</strong></span> <span class='ocrx_word' id='word_1_215' title='bbox 895 1980 1131 2047; x_wconf 84' lang='lat' dir='ltr'><strong>Magnus</strong></span> <span class='ocrx_word' id='word_1_216' title='bbox 1153 1983 1236 2029; x_wconf 85' lang='lat' dir='ltr'><strong>vir</strong></span> <span class='ocrx_word' id='word_1_217' title='bbox 1255 1986 1341 2030; x_wconf 89' lang='lat' dir='ltr'><strong>est</strong></span> <span class='ocrx_word' id='word_1_218' title='bbox 1360 1986 1416 2029; x_wconf 86' lang='lat' dir='ltr'><strong>et</strong></span> <span class='ocrx_word' id='word_1_219' title='bbox 1436 1994 1544 2046; x_wconf 90' lang='lat' dir='ltr'><strong>quo</strong></span> <span class='ocrx_word' id='word_1_220' title='bbox 1568 1995 1674 2031; x_wconf 87' lang='lat' dir='ltr'><strong>non</strong></span> <span class='ocrx_word' id='word_1_221' title='bbox 1696 1981 1826 2031; x_wconf 80' lang='lat' dir='ltr'><strong>civi·</strong></span> 
     </span>
     <span class='ocr_line' id='line_1_29' title="bbox 228 2046 1822 2113; baseline -0.001 -15"><span class='ocrx_word' id='word_1_222' title='bbox 228 2054 315 2098; x_wconf 86' lang='lat' dir='ltr'><strong>tas</strong></span> <span class='ocrx_word' id='word_1_223' title='bbox 336 2046 503 2096; x_wconf 89' lang='lat' dir='ltr'><strong>modo</strong></span> <span class='ocrx_word' id='word_1_224' title='bbox 524 2051 725 2106; x_wconf 80' lang='lat' dir='ltr'><strong>vestra,</strong></span> <span class='ocrx_word' id='word_1_225' title='bbox 755 2047 854 2097; x_wconf 87' lang='lat' dir='ltr'><strong>sed</strong></span> <span class='ocrx_word' id='word_1_226' title='bbox 888 2053 1011 2098; x_wconf 86' lang='lat' dir='ltr'><strong>tota</strong></span> <span class='ocrx_word' id='word_1_227' title='bbox 1045 2047 1150 2098; x_wconf 84' lang='lat' dir='ltr'><strong>His</strong></span> <span class='ocrx_word' id='word_1_228' title='bbox 1191 2048 1318 2097; x_wconf 89' lang='lat' dir='ltr'><strong>ania</strong></span> <span class='ocrx_word' id='word_1_229' title='bbox 1353 2046 1553 2096; x_wconf 84' lang='lat' dir='ltr'><strong>merito</strong></span> <span class='ocrx_word' id='word_1_230' title='bbox 1593 2047 1822 2113; x_wconf 84' lang='lat' dir='ltr'><strong>gloriari</strong></span> 
     </span>
     <span class='ocr_line' id='line_1_30' title="bbox 230 2104 1746 2181; baseline -0.001 -18"><span class='ocrx_word' id='word_1_231' title='bbox 230 2118 413 2181; x_wconf 86' lang='lat' dir='ltr'><strong>queat.</strong></span> <span class='ocrx_word' id='word_1_232' title='bbox 438 2110 594 2163; x_wconf 87' lang='lat' dir='ltr'><strong>Vale.</strong></span> <span class='ocrx_word' id='word_1_233' title='bbox 612 2110 839 2165; x_wconf 85' lang='lat' dir='ltr'><strong>Romae.</strong></span> <span class='ocrx_word' id='word_1_234' title='bbox 858 2112 1103 2166; x_wconf 87' lang='lat' dir='ltr'><strong>Postrid.</strong></span> <span class='ocrx_word' id='word_1_235' title='bbox 1181 2128 1270 2165; x_wconf 90' lang='lat' dir='ltr'><strong>on.</strong></span> <span class='ocrx_word' id='word_1_236' title='bbox 1293 2104 1433 2165; x_wconf 76' lang='lat' dir='ltr'><strong>Nov.</strong></span> <span class='ocrx_word' id='word_1_237' title='bbox 1459 2126 1746 2164; x_wconf 69' lang='lat' dir='ltr'><strong>unnxxtx.</strong></span> 
     </span>
    </p>
   </div>
   <div class='ocr_carea' id='block_1_3' title="bbox 284 2242 742 2298">
    <p class='ocr_par' dir='ltr' id='par_1_3' title="bbox 284 2242 742 2298">
     <span class='ocr_line' id='line_1_31' title="bbox 284 2242 742 2298; baseline 0 -11"><span class='ocrx_word' id='word_1_238' title='bbox 284 2245 325 2298; x_wconf 86' lang='lat'><strong>·)</strong></span> <span class='ocrx_word' id='word_1_239' title='bbox 358 2242 430 2287; x_wconf 77' lang='lat' dir='ltr'><strong>cf.</strong></span> <span class='ocrx_word' id='word_1_240' title='bbox 448 2242 562 2286; x_wconf 75' lang='lat' dir='ltr'><strong>ibid.</strong></span> <span class='ocrx_word' id='word_1_241' title='bbox 582 2254 628 2297; x_wconf 76' lang='lat' dir='ltr'><strong>p.</strong></span> <span class='ocrx_word' id='word_1_242' title='bbox 647 2244 742 2287; x_wconf 75' lang='lat' dir='ltr'><strong>ou.</strong></span> 
     </span>
    </p>
   </div>
   <div class='ocr_carea' id='block_1_4' title="bbox 1887 1737 1919 1749">
    <p class='ocr_par' dir='ltr' id='par_1_4' title="bbox 1887 1737 1919 1749">
     <span class='ocr_line' id='line_1_32' title="bbox 1887 1737 1919 1749; baseline 0 0"><span class='ocrx_word' id='word_1_243' title='bbox 1887 1737 1919 1749; x_wconf 64' lang='grc' dir='ltr'><strong><em>Ι</em></strong></span> 
     </span>
    </p>
   </div>
  </div>
 </body>
</html>
