2275 3025
365 155 468 208 206
904 152 983 205 M.
1017 153 1079 204 A.
1116 153 1232 204 MU
1242 152 1433 204 RETI

404 256 567 306 uibus
612 259 671 305 te
706 252 998 306 meliorem
1044 261 1103 305 et
1138 255 1362 306 virtutis
1401 252 1762 303 amantiorem
1800 263 1973 318 posse

408 323 492 373 eri
567 327 732 372 utem.
803 321 886 371 Ea
922 335 1010 370 me
1060 336 1232 372 causa
1267 319 1521 384 impulit,
1571 323 1633 368 ut
1668 323 1975 383 praecepta

367 403 509 456 quae
551 404 643 439 am
674 389 747 440 ad
778 386 1104 438 formandos
1137 400 1323 438 mores
1344 385 1679 452 pertinentia.
1697 383 1971 447 versibus,

405 471 530 506 uam
559 457 718 522 potui
746 456 982 506 maxime
1012 453 1083 504 ad
1102 455 1304 503 aetatis
1325 460 1456 502 tuae
1476 456 1694 517 captum
1714 465 1971 500 accomo-

365 471 513 573 gatis
534 521 903 572 concluserim
924 555 939 582 ,
979 534 1121 586 quae
1161 519 1356 584 legens
1383 524 1442 568 et
1466 519 1522 568 in
1545 518 1735 582 primis
1755 516 1971 566 littera-

364 601 486 640 rum
523 588 849 639 rudimentis
890 599 1191 636 exerceare
1226 589 1286 634 >et
1317 584 1584 650 paulatim
1603 583 1806 644 discas,
1828 597 1970 649 quae

366 656 471 706 tibi
488 657 547 704 in
568 655 718 706 omni
736 654 851 702 vita
870 651 1145 702 servanda
1163 651 1293 701 sint.
1363 651 1567 716 Accipe
1597 648 1704 699 hoc
1733 650 1972 714 primuni

367 736 401 770 a
430 735 517 771 me
553 717 960 778 munusculum,
1002 717 1101 778 fili,
1124 719 1184 766 et
1199 723 1262 769 ut
1281 730 1350 766 eo
1372 722 1429 766 te
1451 717 1678 783 dignum
1697 720 1968 780 praestem

404 802 469 836 ro
506 789 704 836 virium
730 793 946 832 tuarum
974 782 1202 833 modulo
1233 783 1344 834 iam
1371 798 1518 834 nunc
1555 796 1780 850 operam
1814 781 1966 832 dato.

365 801 593 904 Romae.
622 849 746 900 Kal.
771 848 986 900 Ianuar.
1002 863 1351 914 ⁸moenium.

522 1129 531 1145 ‘
581 1127 764 1182 XXV.
807 1129 885 1182 Μ.
922 1127 1341 1181 ANTONIUS
1375 1126 1764 1182 MURETUS

855 1225 1152 1262 ramnus
1189 1225 1243 1262 F.
1281 1223 1330 1262 s.
1369 1211 1482 1276 n.*)

435 1279 759 1362 Biennium
779 1313 888 1362 iam
910 1315 996 1360 est
1010 1347 1026 1372 ,
1048 1311 1129 1360 fili
1147 1345 1162 1372 ,
1187 1325 1316 1362 cum
1333 1311 1468 1379 tibi,
1500 1313 1679 1377 prima
1699 1309 1977 1362 elementa

363 1377 576 1428 latinae
597 1377 833 1441 *linguae
862 1382 1196 1441 percepturo
1214 1411 1230 1436 ‚
1269 1377 1522 1428 libellum
1549 1377 1795 1441 confeci,
1816 1393 1975 1445 prae·

370 1448 533 1508 cepta
553 1441 822 1511 quaedam
843 1441 912 1492 ad
936 1443 1101 1492 vitam
1120 1441 1284 1492 utilia
1303 1445 1551 1496 versibus
1579 1445 1974 1506 continentem,

364 1512 426 1565 in
456 1525 564 1577 quo
591 1509 784 1578 primis
816 1508 932 1560 illis
954 1507 1456 1561 Grammaticorum
1477 1513 1975 1563 exercitationibus

367 1576 780 1645 defungerer-is,
854 1575 1018 1637 Quod
1056 1591 1224 1642 quum
1259 1576 1481 1643 utrique
1511 1585 1790 1640 nostrum,
1817 1592 1977 1645 prae-

364 1648 616 1713 potentis
638 1645 731 1695 dei
750 1644 1054 1705 beneficio,
1087 1658 1200 1693 non
1218 1656 1448 1708 prorsus
1468 1644 1773 1695 infeliciter
1793 1658 1976 1695 cesse-

364 1714 477 1775 rit,
516 1713 665 1764 idem
707 1714 767 1763 in
806 1711 1024 1763 Graeca
1052 1709 1246 1776 lingua
1265 1710 1508 1775 experiri
1526 1711 1684 1773 volo,
1726 1713 1847 1763 sine
1868 1724 1978 1777 qua

368 1794 540 1845 saepe
562 1780 721 1829 audis
744 1794 815 1829 ex
832 1792 919 1828 me
941 1776 1198 1828 Latinam
1217 1791 1469 1828 mancam
1481 1790 1547 1825 ac
1559 1778 1807 1831 mutilam
1830 1790 1976 1838 esse,

367 1859 476 1895 nec
506 1846 643 1895 satis
673 1846 877 1895 uberes
908 1858 979 1897 ex
1005 1858 1074 1895 ea
1100 1842 1315 1894 fructus
1346 1843 1556 1911 percipi
1583 1858 1770 1909 posse.
1843 1843 1979 1893 Cum

366 1911 547 1974 igitur
580 1910 759 1973 pridie
798 1910 925 1960 Kal.
962 1908 1199 1967 Ianuar„
1239 1910 1335 1975 qui
1363 1910 1484 1963 dies
1513 1909 1618 1961 tibi
1646 1911 1849 1961 natalis
1871 1915 1978 1971 est,

367 1975 725 2041 ingressurus
743 1977 840 2036 εἰς,
864 1990 987 2026 cum
1022 1975 1127 2024 deo
1157 1976 1402 2041 propitio
1425 1990 1490 2026 ac
1509 1976 1897 2037 benevolente,
1918 1978 1980 2027 in

369 2055 573 2091 annum
608 2042 808 2090 aetatis
832 2046 961 2089 tuae
984 2039 1257 2091 decimum
1277 2076 1293 2101 ,
1329 2055 1548 2107 egoque
1570 2049 1624 2091 te
1647 2057 1715 2092 eo
1735 2044 1862 2107 ipso
1885 2042 1976 2105 die

372 2106 607 2158 Graecis
629 2106 833 2157 litteris
850 2106 1075 2156 initiare
1096 2108 1508 2158 constituerim:
1528 2110 1855 2160 concinnavi
1872 2108 1978 2159 tibi

367 2175 591 2226 interea
628 2172 772 2225 hunc
808 2172 1048 2225 alterum
1086 2172 1342 2224 libellum
1380 2173 1596 2225 Graece
1633 2176 1975 2241 loquentem,

369 2244 469 2308 qui
504 2243 608 2293 tibi
642 2255 743 2309 pro
784 2238 959 2296 natali
996 2240 1324 2292 munusculo
1373 2243 1496 2291 erit.
1567 2242 1834 2323 Magnum
1870 2240 1979 2292 tibi

367 2305 511 2373 haec
540 2310 943 2375 qualiacunque
976 2309 1187 2375 scripta
1216 2321 1342 2359 mea
1377 2309 1646 2377 pudorem
1681 2309 1974 2368 incutient,

368 2375 471 2437 fili,
494 2376 605 2427 nisi
626 2378 778 2427 omni
802 2388 906 2443 ope
926 2376 1143 2435 nitaris,
1167 2379 1230 2424 ut
1246 2386 1403 2425 meae
1424 2374 1493 2425 de
1514 2381 1571 2425 te
1601 2374 1972 2440 exspectatio·

367 2442 429 2491 ni
449 2443 811 2507 respondeas.
886 2440 1077 2494 Scient
1104 2439 1386 2503 homines,
1419 2438 1559 2493 nihil
1586 2441 1690 2490 tibi
1717 2456 1752 2490 a
1769 2455 1858 2493 me
1880 2439 1972 2490 de·

426 2538 469 2591 ¹¹)
500 2540 627 2581 Haec
652 2538 857 2592 epistola
880 2538 1051 2591 legitur
1078 2537 1288 2591 praefixa
1307 2538 1475 2580 Mureti
1505 2538 1752 2583 Sententiis
1785 2536 1974 2581 Graec-1⁸⁸

371 2592 979 2704 grigiffgffiffimnfratvis
996 2590 1051 2635 F.
1071 2602 1342 2650 mvevguem,
1372 2593 1529 2635 Poem.
1548 2595 1658 2636 Var-
1676 2593 1739 2636 11.
1761 2596 1829 2635 16.
1853 2592 1914 2645 Τ.
1933 2592 1960 2636 1
