2275 3025
520 137 525 142 ’
617 163 879 216 Eris'r.
914 160 1068 214 Lm.
1105 162 1184 212 11.
1218 162 1337 215 ΕΡ.
1373 163 1502 216 xv.
1757 165 1856 217 189

256 264 337 316 ita
357 264 609 316 omnibus
628 263 821 330 pervia
840 297 856 324 ,
900 276 1041 328 quae
1069 276 1106 311 a
1132 259 1519 313 sacerdotibus
1551 263 1663 314 divi
1701 263 1858 315 Petri

259 330 641 398 superioribus
663 329 821 380 annis
844 327 1190 388 concinnata,
1199 333 1414 392 postea,
1434 330 1551 380 sive
1571 331 1855 397 negligen-

257 398 337 446 tia
356 396 640 448 bominum
679 396 797 445 sive
818 393 1033 456 fraude,
1074 391 1344 445 exhausta
1402 409 1537 461 rope
1557 395 1668 446 iam
1689 404 1748 445 et
1766 411 1855 447 ex-

258 463 471 513 inanita
493 466 664 512 esset.
704 460 816 512 Sed
834 459 1054 510 anxium
1072 474 1162 510 me
1187 475 1254 510 ac
1281 461 1368 512 sol
1392 462 1582 512 icitum
1602 459 1860 525 babebat,

260 528 410 594 quod
432 544 557 578 cum
579 532 745 576 antea
760 527 933 576 multa
952 541 1049 605 per
1069 540 1178 590 me,
1200 527 1374 577 multa
1405 542 1506 593 per
1537 528 1746 578 amicos
1769 541 1862 578 ex·

258 599 452 660 pertus
475 606 677 652 essem,
714 598 777 642 ut
795 607 917 642 eum
938 593 1135 644 librum
1155 595 1453 658 inspicere,
1493 608 1672 661 eoque
1691 593 1861 644 tridu-

261 675 355 710 um
393 666 490 708 aut
527 658 876 723 quatriduum
897 659 1168 710 arbritatu
1186 675 1314 710 meo
1341 662 1419 712 uti
1440 675 1692 727 possem,
1731 676 1861 710 nun·

264 738 429 792 quam
470 732 839 789 successerat3
879 740 1208 793 semperque
1247 741 1410 778 casus
1447 727 1654 794 aliquis
1676 762 1692 788 ,
1741 740 1863 776 cum

264 791 377 841 iam
410 790 631 856 iamque
650 790 709 841 id
737 791 884 858 quod
908 793 1163 859 optabam
1186 801 1586 844 consecuturus
1623 792 1862 854 viderer,

264 863 499 908 conatus
522 873 711 908 omnes
734 873 891 910 meos
931 860 1194 910 eluserat.
1269 859 1448 911 Statui
1479 867 1688 921 tamen,
1712 865 1862 910 ante-

263 939 427 992 quam
448 923 517 974 ab
538 924 757 991 incepto
780 925 1129 988 desisterem,
1151 926 1326 976 semel
1343 927 1509 976 etiam
1521 926 1866 992 experienda

262 990 449 1042 omnia
470 1005 615 1052 esse,
638 998 711 1053 et,
737 995 894 1058 quasi
906 993 1170 1042 munitam
1183 992 1424 1057 aliquam
1440 1008 1623 1043 arcem
1643 992 1862 1043 diufru-

260 1065 379 1110 stra
413 1057 759 1108 obsedissem
778 1094 794 1120 ,
824 1059 1144 1123 priusquam
1179 1073 1242 1107 re
1266 1057 1475 1109 infecta
1496 1060 1862 1119 discederem,

262 1123 519 1176 omnibus
540 1125 706 1174 simul
722 1121 1272 1185 machinis,omnibus
1293 1125 1553 1192 operibus
1570 1125 1640 1174 ad
1652 1137 1865 1175 murum

260 1189 505 1240 admotis
527 1224 542 1249 ,
580 1190 897 1239 tentandam
956 1190 1341 1255 irruptionem.
1433 1191 1580 1252 Quid
1613 1190 1866 1258 quaeris?

259 1261 468 1324 puncto
490 1256 757 1322 temporis
780 1255 999 1322 obtigit,
1062 1257 1172 1308 uod
1194 1263 1370 1308 totum
1389 1273 1564 1324 prope
1582 1258 1864 1310 biennium

260 1321 631 1389 nequicquam
653 1328 987 1388 optaveram.
1077 1339 1148 1374 on
1165 1326 1333 1376 modo
1355 1327 1498 1377 enim
1519 1323 1655 1376 mihi
1675 1326 1865 1380 eximi·

260 1405 352 1440 um
374 1388 533 1439 illum
552 1388 751 1439 librum
770 1390 1047 1458 inspicere
1067 1390 1244 1454 licuit,
1268 1392 1414 1459 quod
1437 1408 1545 1460 ego
1567 1393 1745 1459 ipsum
1769 1407 1864 1459 po-

262 1458 500 1508 suissem
538 1456 597 1506 in
632 1457 818 1524 magni
844 1458 1103 1511 beneficii
1138 1458 1289 1511 loco:
1330 1460 1429 1511 sed
1452 1462 1618 1512 etiam
1635 1459 1865 1527 permis·

265 1539 383 1575 sum
405 1530 509 1584 est,
531 1530 595 1574 ut
614 1538 738 1574 eum
756 1540 969 1577 mecum
997 1524 1276 1577 auferrem
1304 1526 1564 1593 domique
1585 1524 1865 1586 haberem,

266 1589 397 1641 data
413 1591 568 1656 prius
591 1591 718 1653 fide,
761 1606 904 1653 eum,
947 1592 1097 1657 quod
1117 1592 1505 1657 longissimum
1527 1598 1704 1653 esset,
1741 1596 1868 1639 ante

264 1658 561 1723 septimum
613 1657 761 1707 diem
810 1658 1087 1707 redditum
1119 1671 1186 1705 ac
1229 1657 1549 1706 restitutum
1569 1655 1659 1705 iri.
1728 1656 1872 1704 Tum

264 1728 705 1787 vero,tamquam
716 1722 887 1788 longo
900 1729 1153 1787 tempore
1173 1720 1466 1771 collectam
1487 1721 1633 1770 sitim
1647 1720 1872 1785 explere

268 1788 518 1855 cupiens,
541 1787 621 1836 ita
641 1802 766 1837 eum
790 1788 950 1837 avide
970 1786 1345 1852 pervolutare,
1368 1792 1425 1836 et
1444 1801 1565 1836 cum
1578 1782 1666 1848 iis,
1689 1787 1783 1853 qui
1803 1786 1872 1837 ab

270 1854 651 1904 eruditissimo
676 1868 740 1902 ac
760 1852 1189 1919 diligentissimo
1211 1852 1351 1914 viro,
1373 1853 1719 1919 Hieronymo
1739 1852 1870 1904 Fer·

268 1920 423 1973 rario
446 1918 727 1969 emendati
749 1925 923 1981 erant,
946 1916 1203 1969 conferre
1225 1921 1402 1987 coepi,
1425 1926 1488 1971 ut
1522 1934 1611 1970 me
1630 1957 1647 1982 ,
1689 1936 1872 1988 quam·

272 2002 435 2054 quam
457 1986 705 2053 graviter
726 1992 1020 2053 aegrotare
1041 1998 1359 2051 coeperam,
1389 2002 1500 2038 non
1536 1988 1871 2039 valetudinis

268 2054 437 2114 ratio,
480 2066 591 2102 non
628 2052 738 2103 cibi
776 2052 1089 2119 potionisve
1122 2054 1446 2116 necessitas,
1485 2070 1596 2105 non
1633 2054 1731 2106 ille
1751 2056 1872 2121 ipse

273 2120 515 2171 omnium
556 2119 816 2181 domitor,
854 2126 916 2170 ut
953 2135 1077 2171 eum
1112 2124 1316 2185 poetae
1355 2121 1558 2172 Graeci
1597 2124 1872 2182 vocant*),

272 2203 307 2237 a
332 2194 443 2237 tam
484 2186 631 2237 dulci
675 2188 1040 2253 occupatione
1082 2192 1276 2254 posset
1313 2203 1538 2239 somnus
1577 2187 1872 2237 abducere.

272 2252 570 2305 Praeclare
602 2260 785 2305 autem
811 2252 944 2304 mihi
968 2256 1220 2305 constitit
1241 2269 1444 2321 operae
1463 2268 1620 2304 meae
1642 2252 1872 2303 fructus.

270 2318 397 2371 Non
418 2320 563 2371 enim
600 2319 767 2372 facile
807 2321 1109 2372 crediderit
1147 2322 1434 2388 quisquam
1449 2356 1464 2381 ,
1503 2334 1664 2385 quam
1703 2318 1876 2369 multa

254 2387 329 2437 -in
348 2385 435 2438 his
457 2389 805 2439 orationibus
826 2389 1035 2449 mutila,
1059 2402 1221 2455 quam
1240 2388 1415 2437 multa
1433 2392 1644 2435 temere
1666 2384 1872 2447 addita,

275 2468 436 2519 quam
454 2455 629 2505 multa
650 2461 913 2520 corrupta
932 2470 997 2504 ac
1018 2454 1320 2533 depravata
1341 2454 1662 2518 legerentur
1685 2452 1874 2515 inom-

274 2520 434 2571 uibus
457 2520 585 2570 aliis
605 2520 763 2571 libris
781 2556 795 2581 ,
837 2534 977 2587 quae
1012 2518 1176 2570 huius
1210 2532 1316 2585 ope
1352 2518 1604 2585 expleta,
1639 2517 1872 2579 refecta,

274 2592 471 2637 sanata
508 2592 566 2636 et
601 2586 915 2653 integritati
949 2602 1083 2638 suae
1122 2586 1387 2637 restituta
1423 2589 1568 2634 sunt.
1645 2583 1874 2636 Librum

329 2668 371 2723 ·)
404 2668 539 2710 Hom.
560 2667 643 2709 od.
662 2668 750 2712 IX.
770 2670 865 2712 3¹1³.
885 2668 940 2712 11.
958 2667 1143 2711 xxlv.
1163 2670 1203 2710 5.
1223 2660 1352 2712 ὕπνος
1369 2663 1671 2715 πανδαμᾶῐθρ·
