2275 3025
1200 154 1285 207 {v

437 279 562 327 tum
588 286 623 323 a
647 266 958 325 novissimo
986 263 1208 323 editore
1223 306 1241 337 ‚
1270 265 1636 337 Frotsehero,
1664 266 1732 322 ab
1759 266 2036 325 librorum

439 368 723 424 editorum
749 366 1091 421 auctoritate
1120 364 1435 437 discedere,
1450 384 1618 441 quam
1641 366 1853 422 vitiosa
1877 364 2037 422 exhi-

441 464 579 521 bere
606 466 787 521 satius
811 463 998 521 visum
1025 471 1130 541 est.
1232 460 1458 520 Deinde
1483 464 1600 519 loci
1625 471 1885 520 veterum
1899 466 2041 519 seri-

440 572 688 639 Istorum,
716 562 814 637 qui
840 570 938 617 aut
965 559 1181 617 diserte
1207 572 1720 618 commemorantur
1742 563 1805 616 in
1832 563 2041 637 episto-

443 662 516 717 lis
544 670 643 718 aut
670 659 1067 735 significantur
1087 666 1335 728 tantum,
1349 659 1411 717 in
1434 659 1897 716 adnotationibus
1912 660 2043 715 sub·

441 760 610 816 ieetis
650 764 918 815 accurate
957 756 1197 812 indicati
1226 765 1393 828 sunt,
1435 757 1585 832 quod
1627 760 1763 832 quin
1801 775 2045 833 magnae

445 856 701 912 futurum
715 857 793 911 sit
816 854 1128 911 lectoribus
1145 854 1385 911 utilitati
1401 855 1650 911 dubitari
1676 856 1904 911 omnino
1930 874 2044 911 non

441 963 664 1030 potest3
703 972 899 1009 eorum
922 954 1247 1029 plerosque,
1274 955 1530 1028 epistolis
1557 952 1691 1010 libri
1717 953 1954 1009 secundi
1984 955 2045 1009 9.

441 1085 544 1097 —
560 1050 672 1109 25.
700 1051 979 1126 exeeptis,
1004 1051 1066 1109 in
1091 1051 1327 1127 reliquis
1354 1053 1469 1108 iam
1492 1049 1865 1107 Frotscherus
1887 1051 2050 1109 inve-

445 1152 780 1227 stigaverat.
833 1134 1099 1225 Denique
1125 1150 1525 1208 adnotationes
1554 1149 1831 1225 quaedam
1856 1168 2053 1206 acees-

450 1256 669 1317 serunt,
695 1245 898 1322 quibus
925 1264 1018 1302 res
1045 1248 1108 1303 in
1134 1247 1393 1323 epistolis
1422 1257 1893 1304 commemoratae
1919 1249 2053 1305 illu-

451 1353 728 1414 strantur,
744 1342 1038 1399 Thomasii
1063 1345 1373 1419 pleraeque
1384 1362 1417 1418 3.
1428 1343 1531 1401 sed
1547 1364 1621 1401 ex
1632 1344 1799 1402 huius
1828 1362 2054 1421 quoque

385 1466 392 1471 ·
452 1440 976 1513 observationibus,
1027 1443 1286 1518 quamvis
1341 1461 1408 1499 eo
1454 1444 1515 1499 in
1554 1460 1767 1520 genere
1810 1445 2056 1500 utilissi-

449 1544 560 1600 mis
575 1581 595 1613 ‚
621 1543 867 1597 omissae
905 1549 1039 1597 sunt
1076 1559 1272 1597 omnes
1287 1580 1306 1613 ‚
1361 1559 1505 1620 quae
1546 1541 1618 1597 ad
1653 1543 1922 1619 epistolas
1964 1561 2059 1600 re-

451 1641 601 1697 ctius
627 1638 1033 1716 intelligendas
1059 1657 1177 1696 non
1200 1641 1441 1696 multum
1477 1639 1739 1696 conferre
1781 1639 2059 1698 videban-

449 1735 626 1818 τοτ’).
729 1737 944 1795 Sedulo
980 1746 1238 1794 curatum
1272 1755 1425 1808 esse,
1464 1747 1531 1793 ut
1563 1735 2059 1816 a-typothetarum

449 1839 610 1894 vitiis
648 1835 832 1891 libera
881 1835 1021 1893 haee
1065 1835 1328 1912 prodiret
1368 1836 1579 1907 editio,
1628 1836 1734 1893 vix
1772 1842 1862 1888 est
1902 1836 2056 1910 quod

450 1931 860 2011 moneaturst).
963 1931 1255 2008 Scriptum
1280 1931 1541 2009 Lipsiae,
1568 1951 1763 1990 mense
1788 1930 2053 1989 Ianuario

453 2051 504 2089 a.
532 2027 1147 2090 MDCCCXXXVIII.

533 2184 575 2236 ⁸)
608 2183 758 2237 Epist.
790 2185 860 2223 25.
879 2181 960 2224 lib.
979 2181 1021 2224 Ι.
1047 2195 1094 2236 p.
1112 2185 1184 2232 33,
1208 2182 1275 2223 16.
1311 2179 1422 2223 haee
1452 2181 1663 2225 addenda
1690 2185 1763 2226 est
1797 2182 2056 2227 adnotatio:

451 2237 643 2288 „Verba
662 2236 843 2286 Mureti,
864 2238 922 2279 ad
943 2251 1057 2292 quae
1074 2237 1288 2292 respexit
1304 2237 1557 2287 Fruterius.
1576 2236 1789 2291 leguntur
1799 2238 1945 2295 ILep.
1957 2244 2059 2282 14³⁶

509 2297 574 2350 ⁶⁸)
603 2293 660 2336 In
685 2292 768 2336 lib.
791 2291 880 2336 111.
899 2307 1129 2337 numerum
1140 2299 1194 2338 38
1216 2294 1368 2336 omisit
1384 2293 1705 2348 Ruhnkenius;
1744 2309 1872 2340 error
1896 2297 1946 2340 in
1974 2295 2060 2340 hac

455 2349 658 2392 editione
677 2353 749 2392 est
767 2354 1012 2401 correctus,
1031 2351 1100 2394 ita
1115 2354 1168 2392 ut
1185 2350 1291 2393 inde
1311 2351 1367 2393 ab
1388 2363 1463 2404 ep.
1475 2354 1544 2394 39.
1564 2352 1739 2396 numeri
1756 2349 2059 2409 epistolarum

457 2415 532 2458 ap.
551 2404 733 2448 Ruhnk.
750 2419 839 2448 uno
857 2407 954 2450 nint
971 2408 1166 2449 maiores
1184 2407 1383 2450 numeri·
1404 2405 1537 2450 huius
1554 2408 1786 2454 editionis.
