2275 3025
356 153 458 205 26⁰
893 154 971 206 Μ.
1005 157 1068 206 A.
1105 155 1426 208 MURE'rl

355 252 596 314 Etenim,
617 253 1048 320 Zoppi,veteres
1069 258 1290 321 poetae,
1306 256 1481 322 (quod
1499 256 1603 306 tibi
1624 269 1845 322 quoque
1856 271 1965 324 pro

357 326 456 370 tua
474 319 743 385 singulari
769 321 1082 372 eruditione
1105 330 1297 372 notum
1318 336 1444 372 esse
1467 328 1555 372 sat
1574 325 1736 384 sci0,)
1760 323 1807 372 si
1830 323 1969 390 quid

358 385 428 435 ad
457 401 520 436 se
551 386 1020 438 commendandos
1058 397 1156 438 aut
1194 387 1577 439 defendendos
1620 387 1810 438 dicere
1864 404 1965 440 ne·

358 465 517 502 cesse
539 449 832 513 habebant,
854 453 911 502 id
928 452 1283 504 faciebantin
1306 453 1510 515 choris,
1529 469 1650 504 cum
1666 456 1722 506 in
1744 454 1849 504 reli
1892 470 1967 506 ua

311 527 320 536 ·
357 516 549 568 fabula
569 534 677 570 non
700 518 922 569 liceret=
957 521 1115 570 cuius
1135 520 1222 570 rei
1236 520 1453 587 aliquot
1476 521 1621 586 apud
1639 521 1863 586 Aristop
1904 535 1962 572 a-

357 598 483 634 nem
504 584 758 650 exempla
775 591 918 636 sunt.
971 584 1171 652 Neque
1182 592 1298 636 tum
1318 587 1435 636 ullo
1458 587 1559 636 tali
1581 586 1819 652 prologo
1842 594 1963 638 ute·

356 650 577 711 bantur,
591 651 782 717 quales
802 657 932 702 sunt
950 651 1197 704 Plautini
1216 659 1314 704 aut
1330 653 1677 704 'l'erentianiz
1696 653 1798 702 sed
1815 668 1961 718 quae

359 719 536 782 prima
557 731 798 783 persona
815 717 1093 782 prodibat,
1127 719 1288 770 cuius
1308 734 1478 786 opera
1496 733 1623 784 pars
1648 720 1961 785 argumenti

357 783 1961 918 {gffxffoesssssssgaz„2¹1²‘amit’“xzffaitazsszffssiatssdffs

527 884 540 897 ·
1631 887 1647 912 ν

361 914 722 964 diuturnitate
744 915 1018 966 bellorum
1057 919 1297 978 aerario,
1322 918 1509 968 inania
1540 916 1829 968 sumtuum'
1849 931 1959 966 am·

358 979 571 1059 putavit
595 985 652 1030 et
671 982 980 1035 comoediis
1001 981 1206 1036 choros
1229 985 1360 1039 dare
1382 983 1564 1043 desiit,
1605 989 1719 1040 tum
1741 983 1959 1037 demum

359 1045 498 1097 illud
519 1045 879 1163 proloffiorum
902 1050 1291 1115 genus‘natum
1329 1056 1439 1110 est,
1479 1057 1535 1100 et
1570 1064 1715 1100 nova
1738 1063 1959 1101 comoe-

361 1113 472 1174 dia,
495 1128 636 1182 quae
667 1129 696 1163 c
739 1130 894 1166 orum
915 1131 1026 1166 non
1067 1115 1316 1177 haberet,
1352 1116 1562 1166 talibus
1592 1115 1845 1182 prologis
1872 1116 1961 1168 uti

361 1181 564 1246 coepit.
637 1181 952 1246 Tragoedis
971 1197 1191 1248 semper
1211 1197 1279 1232 ex
1294 1183 1516 1247 publico
1539 1182 1699 1232 datus
1722 1188 1809 1232 est
1828 1179 1960 1232 cho-

359 1261 480 1296 rus:
510 1245 832 1312 idcircoque
871 1264 1143 1314 nunquam
1182 1247 1474 1314 tragoedia
1508 1248 1649 1298 tales
1689 1247 1959 1314 prologos

363 1311 571 1361 habuit.
646 1311 829 1370 Quare
851 1313 947 1377 qui
965 1321 1215 1364 veterum
1248 1315 1702 1365 consuetudinem
1733 1315 1791 1364 in
1831 1314 1961 1364 reli-

363 1391 471 1443 quo
496 1379 749 1441 poemate
781 1385 1040 1428 accurate
1074 1395 1140 1431 ac
1180 1379 1480 1446 diligenter
1514 1381 1841 1442 retinueris,
1867 1377 1961 1432 hic

363 1455 602 1508 quoque,
645 1443 790 1507 quod
816 1441 1092 1494 hominum
1113 1446 1460 1512 antiquitatis
1480 1447 1859 1514 imperitorum
1878 1447 1941 1497 in

364 1509 528 1560 scitia
547 1509 823 1560 invectum
846 1515 951 1572 est,
992 1512 1183 1563 deleas
1206 1522 1427 1565 censeo.
1499 1514 1756 1565 Placeret
1776 1513 1961 1575 etiam,

361 1577 443 1626 ita
463 1576 550 1626 edi
573 1573 713 1626 hanc
732 1575 990 1638 fabulam,
1013 1584 1076 1629 ut
1093 1594 1163 1629 ne
1184 1585 1507 1631 notarentur
1525 1581 1795 1646 principia
1812 1584 1965 1630 actu-

364 1658 474 1706 um,
513 1644 714 1695 sedita
753 1645 1209 1699 continuarentur
1249 1646 1451 1707 omnia,
1492 1652 1553 1697 ut
1582 1648 1641 1697 in
1675 1644 1959 1711 Aeschyli,

276 1773 282 1778 .
366 1708 684 1777 Sophoclis,
723 1711 1006 1779 Euripidis
1027 1712 1338 1781 tragoediis
1379 1713 1655 1779 etiamque
1676 1712 1733 1762 in
1752 1713 1962 1763 Aristo-

363 1774 561 1842 phanis
583 1777 890 1831 comoediis
909 1778 1134 1831 factum.
1206 1779 1357 1831 Vera
1385 1794 1553 1830 causa
1586 1785 1703 1839 est,
1748 1792 1845 1829 cur
1882 1777 1965 1829 ita

368 1842 492 1893 fieri
520 1857 800 1893 censeama
839 1846 938 1897 sed
971 1847 1117 1897 malo
1158 1861 1278 1897 eam
1313 1846 1370 1896 in
1402 1845 1553 1897 aliud
1584 1854 1799 1910 tempus
1834 1843 1963 1893 reii-
2056 1901 2065 1909 ,

369 1920 516 1957 cere.
590 1906 824 1958 Omnino
844 1917 1030 1961 autem
1068 1913 1220 1962 illam
1264 1912 1517 1964 inutilem
1555 1919 1612 1960 et
1640 1922 1966 1977 supervaca-

369 1986 528 2021 neam
569 1977 626 2021 et
645 1987 680 2021 a
697 1973 884 2024 stultis
922 1975 1326 2027 litteratoribus
1353 1978 1725 2043 excogitatam
1744 1982 1965 2027 actuum

367 2039 425 2087 in
449 2052 645 2087 scenas
666 2038 1012 2101 divisionem,
1043 2056 1253 2107 quaeso
1274 2050 1352 2104 te,
1392 2050 1453 2093 ut
1489 2044 1676 2095 tollas.
1745 2042 1966 2108 Lyssae

367 2118 572 2154 nomen
593 2104 942 2169 peregrinum
965 2107 1286 2159 adimerem:
1310 2108 1559 2160 Italicum
1581 2109 1785 2159 darem.
1826 2106 1968 2159 Nam

373 2176 430 2221 et
469 2169 702 2221 Plautus
760 2186 882 2222 cum
919 2171 1218 2225 Luxuriam
1268 2182 1325 2225 et
1368 2174 1614 2241 Inopiam
1670 2174 1966 2240 loquentes

371 2236 611 2299 faceret,
649 2240 700 2301 ¹*)
740 2252 850 2288 non
886 2239 1043 2290 illam
1075 2238 1344 2307 Tryphon,
1385 2240 1525 2291 hanc
1564 2240 1770 2291 Pem‘an
1804 2252 1966 2289 voca-

370 2305 478 2368 vit,
499 2304 598 2355 sed
615 2305 835 2370 utrique
856 2321 1057 2357 nomen
1071 2306 1329 2360 Latinum
1352 2308 1523 2359 dedit.
1575 2308 1737 2367 Quod
1760 2303 1967 2357 alicubi

373 2371 518 2433 apud
551 2370 764 2421 inferos
797 2373 956 2423 solem
987 2372 1141 2425 silere
1164 2374 1265 2435 ais,
1306 2390 1427 2425 cum
1452 2373 1727 2434 tenebras,
1757 2378 1821 2423 ut
1846 2369 1963 2485 ofi-

366 2439 492 2493 'nor‚
517 2440 572 2483 et
593 2435 886 2501 caliginem
907 2439 953 2487 si
999 2440 1217 2489 nifices=
1242 2454 1455 2500 vereor,
1492 2453 1561 2489 ne
1582 2438 1789 2487 imitari
1807 2450 1876 2485 vo
1904 2450 1962 2484 u·

375 2498 486 2547 eris
507 2496 818 2564 virgiliana
836 2503 913 2568 **)
985 2520 1124 2555 tanae
1160 2504 1390 2567 silentia,
1412 2511 1471 2555 et
1504 2505 1563 2555 in
1590 2517 1659 2553 eo
1699 2500 1969 2553 Pontiani

427 2586 469 2635 0)
499 2583 554 2624 In
573 2584 847 2632 Trinummo.

429 2642 492 2679 ⁰¹)
522 2638 632 2680 Aen.
653 2639 717 2681 11.
737 2642 835 2683 255.
