2275 3025
418 153 515 203 loo
943 145 1021 198 Μ.
1054 148 1115 197 Α.
1151 144 1470 198 MURETI

418 253 478 303 ni
504 266 568 302 ac
589 250 813 311 Poloni,
854 262 1085 315 quorum
1101 248 1362 316 permulti
1387 253 1446 298 et
1481 261 1666 298 earum
1685 247 1994 317 linguarum

418 325 704 385 utramque
724 314 1125 384 perfectissime
1144 315 1372 378 callent,
1409 321 1466 365 et
1493 315 1574 365 ita
1597 315 1811 368 litteras
1840 331 1904 368 ac
1931 317 1994 368 li-

418 385 638 436 berales
658 383 975 450 disciplinas
996 389 1196 444 amant,
1205 388 1266 432 ut
1279 382 1334 432 in
1355 381 1436 432 eis
1455 388 1668 449 tempus
1689 397 1848 436 omne
1867 398 1996 434 con-

420 450 665 504 sumant!
734 451 877 500 Olim
906 450 992 500 illi
1028 448 1284 500 fortassis
1315 450 1498 516 asperi
1535 464 1600 499 ac
1625 449 1848 501 barbari
1881 449 1998 502 fue·

418 525 569 583 runt3
610 516 715 568 hoc
734 517 953 584 quidem
974 517 1224 578 saeculo,
1255 529 1453 567 vereor
1470 551 1485 576 ‚
1508 531 1576 567 ne
1599 516 1668 567 ad
1687 531 1788 567 nos
1807 516 1999 577 barba-

420 587 533 637 ries
547 620 561 646 ,
600 584 669 635 ad
687 584 818 635 illos
840 584 1019 635 cultus
1040 591 1097 633 et
1116 582 1378 649 splendor
1413 583 1556 633 vitae
1584 590 1642 634 et
1663 580 1898 635 eruditio
1922 590 1999 634 at-

424 667 529 720 que
550 651 874 712 humanitas,
896 650 1118 700 mutatis
1138 649 1380 712 sedibus,
1401 650 1827 717 commigrarint.
1892 649 1998 702 lta-

424 733 529 786 que
542 755 557 781 ,
595 724 657 769 ut
674 732 861 767 verum
881 716 982 766 tibi
1001 716 1206 779 fatear,
1230 716 1593 768 libentissime
1614 731 1681 768 eo
1703 731 1999 767 commeas-

426 801 567 846 sem,
606 785 655 834 si
681 782 817 834 nihil
843 783 1168 834 obstitisset.
1239 782 1516 850 Quicquid
1547 785 1688 834 enim
1725 783 2001 842 commodi

424 853 537 903 mei
557 864 723 902 causa
742 850 819 900 ab·
832 851 913 900 eis
932 849 1202 917 petebam,
1222 850 1280 900 id
1301 865 1488 901 omnes
1507 851 1722 916 prolixe
1741 865 1808 901 ac
1816 850 2001 917 copie·

426 933 487 970 se
508 915 839 978 offerebant,
877 924 939 968 ut
958 917 1067 967 iam
1096 922 1399 979 constaret,
1438 917 1584 968 inter
1609 931 1709 968 nos
1741 919 1858 968 sine
1884 917 1999 967 ullo

426 984 656 1052 negotio
688 991 1079 1034 conventurum
1105 997 1248 1034 esse.
1317 983 1464 1045 Quid
1499 983 1749 1050 quaeris}
1811 983 2002 1034 Fidem

319 1057 337 1080 ³
428 1053 511 1103 eis
533 1051 810 1114 dederam,
829 1058 1115 1102 venturum
1131 1065 1256 1102 esse
1275 1063 1380 1112 me,
1399 1053 1450 1102 si
1467 1065 1567 1116 per
1584 1063 1849 1101 summum
1861 1049 2003 1100 Pon·

427 1120 631 1170 tificem
644 1156 659 1181 ,
680 1120 770 1169 cui
789 1119 997 1180 servio,
1026 1124 1083 1169 et
1101 1131 1202 1184 per
1220 1117 1560 1169 cardinalem
1582 1118 1892 1179 Estensem,
1912 1132 2003 1167 cu-

427 1189 514 1237 ius
534 1187 591 1236 in
611 1185 871 1236 clientela
888 1201 952 1236 ac
971 1185 1184 1236 familia
1201 1199 1345 1247 sum,
1381 1185 1598 1235 liceret:
1633 1183 1842 1252 alioqui
1861 1183 2005 1234 enim

428 1267 723 1319 nonposse
740 1265 851 1312 me,
872 1251 979 1302 nisi
1000 1267 1188 1302 eorum
1208 1251 1495 1316 permissu,
1517 1251 1585 1301 de
1603 1265 1690 1302 me
1709 1252 1832 1316 ipso
1853 1251 2011 1318 quid-

432 1334 593 1386 quam
610 1319 723 1369 tale
746 1318 1015 1384 polliceri.
1085 1318 1353 1368 Putabam
1379 1324 1585 1380 autem,
1622 1325 1880 1369 neutrum
1916 1332 2006 1368 eo·

429 1400 552 1437 rum
572 1383 677 1435 hec
697 1385 887 1449 iniquo
910 1384 1091 1434 animo
1117 1384 1376 1444 laturum,
1417 1399 1538 1434 eum
1559 1385 1865 1436 Cardinalis
1891 1383 2006 1449 qui·

433 1452 557 1502 dem
578 1451 749 1519 gratis
768 1465 858 1500 me
879 1450 1014 1513 alat,
1054 1450 1284 1508 (nullam
1303 1450 1448 1501 enim
1475 1450 1547 1501 ad
1565 1465 1680 1502 rem
1701 1466 1824 1502 mea
1842 1463 2010 1518 opera
2037 1511 2043 1518 ἱ

431 1520 657 1581 utitur,)
696 1534 934 1571 summus
975 1522 1155 1568 autem
1181 1516 1445 1570 Pontifex
1477 1514 1758 1584 ingentem
1795 1519 2011 1585 copiam

432 1584 719 1637 habiturus
740 1592 891 1636 esset
904 1584 1400 1635 eruditissimorum
1422 1584 1696 1636 hominum
1710 1622 1725 1648 ,
1764 1586 1858 1653 qui
1875 1600 1935 1637 se
1951 1584 2011 1635 in

430 1654 614 1705 locum
649 1668 828 1705 meum
859 1652 1121 1703 substitui
1159 1651 1518 1720 postularent.
1590 1653 1793 1704 Contra
1829 1659 2012 1703 tamen

432 1721 661 1783 accidit,
700 1735 860 1787 quam
880 1727 1146 1787 putaram.
1216 1720 1432 1770 Etenim
1453 1734 1574 1770 cum
1592 1734 1778 1770 rumor
1797 1719 1866 1770 de
1885 1732 2010 1770 meo

432 1788 682 1838 discessu
700 1793 820 1838 tota
839 1789 944 1838 iam
975 1786 1109 1837 urbe
1137 1788 1490 1854 pervulgatus
1501 1793 1681 1848 esset,
1713 1786 2012 1837 Conserva-

432 1860 585 1904 tores
622 1868 692 1920 po
731 1854 811 1904 uli
831 1855 1059 1905 Romani
1090 1855 1162 1915 (is
1183 1870 1422 1905 summus
1442 1854 1794 1921 magistratus
1815 1859 1902 1903 est
1921 1866 2012 1903 eo-

431 1934 567 1979 rum,
590 1919 679 1986 qui
720 1921 867 1970 mdie
886 1922 1073 1988 populi
1092 1920 1374 1989 suffragiis
1395 1921 1757 1983 deferuntur‚)
1779 1920 1850 1971 ad
1869 1919 2012 1970 Pon-

431 1986 637 2036 tificem
666 1986 959 2048 accedunt,
997 2002 1119 2036 cum
1150 1995 1469 2051 praesentes
1499 1990 1663 2039 etiam
1690 1987 1950 2038 adessent
1967 1987 2014 2037 ii

434 2067 503 2103 ex
530 2051 937 2113 Cardinalibus,
978 2053 1174 2118 quibus
1213 2053 1518 2105 studiorum
1551 2069 1682 2104 cura
1720 2054 2013 2105 commissa

434 2125 543 2181 est,
582 2132 807 2184 remque
828 2118 880 2168 ei
902 2124 1202 2184 exponunt,
1241 2125 1405 2186 atque
1431 2120 1498 2170 ab
1524 2133 1594 2171 eo
1623 2121 1898 2187 supplices
1917 2134 2010 2187 pe·

428 2192 571 2248 tunt,
592 2200 661 2235 ne
680 2200 766 2235 me
786 2184 938 2235 abire
958 2185 1222 2250 patiatur3
1245 2187 1450 2237 addunt
1466 2187 1636 2238 multa
1654 2188 1721 2237 cle
1740 2201 1847 2250 me,
1867 2201 2009 2255 quae

430 2253 577 2304 malo
606 2257 663 2304 te
690 2266 759 2303 ex
784 2252 909 2302 aliis
936 2266 1294 2319 cognoscere.
1365 2253 1625 2306 Pontifex
1649 2255 1887 2321 benigne
1909 2268 2008 2304 eos

432 2321 614 2383 audit,
652 2319 799 2371 bono
840 2319 1020 2369 animo
1048 2333 1174 2369 esse
1204 2319 1380 2384 iubet,
1420 2334 1479 2371 se
1512 2322 1658 2388 quod
1695 2336 1832 2389 opus
1859 2318 2009 2371 foret

430 2388 820 2453 imperaturum
859 2400 981 2437 esse
1020 2386 1323 2438 confirmat.
1393 2387 1591 2441 Paucis
1629 2395 1757 2456 post
1792 2386 2006 2449 diebus,

431 2466 531 2519 per
548 2453 890 2504 Ludovicum
911 2454 1238 2505 Castaneum
1265 2455 1702 2521 Rupipozaeum,
1743 2454 2007 2506 christia-

430 2520 644 2569 nissimi
661 2521 810 2587 regis
842 2527 1147 2583 oratorem,
1187 2522 1361 2571 virum
1390 2527 1446 2571 et
1490 2523 1742 2572 claritate
1785 2521 2007 2588 generis

433 2590 491 2636 et
525 2588 727 2637 virtute
764 2594 821 2637 et
838 2588 1148 2639 eruditione
1168 2594 1562 2653 praestantem,
1589 2586 1744 2637 iubet
1760 2586 1896 2638 mihi
1915 2588 2008 2638 de·

432 2652 695 2715 nuntiari,
723 2666 791 2703 ne
813 2653 1027 2705 abeam:
1066 2653 1173 2704 sibi
1193 2668 1355 2705 curae
1373 2653 1514 2717 fure,
1536 2667 1603 2705 ne
1625 2666 1726 2713 me,
1748 2653 1894 2719 quod
1914 2666 2010 2704 au·
