2275 3025
389 175 489 227 328
923 176 1002 226 M.
1037 176 1099 225 A.
1136 176 1456 229 MURETI

388 289 507 325 rum
546 287 718 339 opera
748 273 897 325 notis
931 274 1275 325 eruditorum
1309 273 1590 327 hominum
1617 275 1900 329 illustrata
1931 279 1994 331 li·

385 341 582 391 beuter
603 340 877 390 editurum
891 357 906 403 ;
934 341 1119 390 credo.
1194 341 1385 408 ltaque
1407 345 1582 409 ipsam
1606 342 1793 393 Ovidii
1810 344 1996 395 Meta-

386 404 728 471 morphosim
766 421 832 456 ac
873 407 1095 456 notulas
1137 408 1306 459 etiam
1339 409 1603 474 quasdam
1642 424 1672 459 e
1709 410 1854 461 libro
1887 418 1991 461 tuo

386 480 594 523 sumtas
618 486 727 523 non
747 474 979 532 invitus,
1002 478 1061 522 ut
1081 487 1188 539 ego
1211 474 1430 539 quidem
1453 474 1711 536 arbitror,
1732 475 1990 527 recudet:

386 538 585 590 librum
604 539 780 605 ipsum
802 544 951 588 tuum
973 553 1081 587 non
1104 544 1237 605 puto
1257 541 1326 590 ab
1348 554 1416 591 eo
1440 554 1701 591 excusum
1719 542 1806 593 iri.
1841 542 1990 593 Falli

386 612 568 655 tamen
589 619 675 655 me
696 604 882 665 velim,
922 618 1097 670 neque
1120 606 1380 670 impedio,
1421 620 1530 673 quo
1551 609 1894 668 minus-eum,
1937 610 1988 658 si

387 668 685 733 videbitur,
721 684 942 737 urgeas.
1015 671 1347 735 Cydonitem
1371 672 1581 737 accepi,
1622 672 1802 740 deque
1827 688 1892 725 eo
1927 679 1986 724 te

389 752 531 787 amo.
606 736 718 787 Sed
737 750 861 787 eum
884 736 977 802 qui
998 736 1219 789 litteras
1241 754 1362 788 cum
1386 752 1454 788 eo
1476 745 1601 789 tuas
1622 739 1833 799 attulit,
1873 755 1988 791 non

388 802 519 853 vidi.
592 802 776 853 ovidii
816 802 976 852 locos
1017 802 1236 869 aliquos
1274 805 1330 853 in
1367 805 1534 854 variis
1563 804 1896 873 lectionibus
1921 805 1992 855 il-

390 868 667 930 lustrabo,
689 882 867 934 neque
887 875 944 920 te
965 870 1302 935 praeteribo.
1391 868 1546 930 Quae
1567 870 1637 921 ad
1656 886 1744 921 me
1765 872 1986 932 misisti,

389 950 499 986 una
528 950 650 985 cum
682 931 766 985 his
797 934 1002 985 litteris
1033 931 1292 1001 accipies.
1364 935 1504 988 Vale
1543 943 1602 987 et
1631 952 1792 1003 quam
1825 944 1987 1004 potes

389 1001 625 1067 plurima
651 1007 821 1067 atque
851 1002 1060 1066 optima
1086 1002 1456 1053 attentissime
1485 1003 1630 1068 lege.
1701 1004 1859 1054 Haec
1876 1018 1987 1052 nna

390 1075 477 1117 est
494 1067 564 1118 ad
585 1067 953 1118 eruditionem
975 1068 1080 1117 via.
1118 1068 1200 1119 Ex
1215 1068 1387 1119 Urbe.
1410 1068 1470 1119 A.
1488 1068 1540 1119 d.
1559 1083 1663 1119 vu.
1685 1069 1981 1121 Decembr.

388 1147 676 1185 nunxrvn
857 1161 865 1165 -

617 1315 747 1366 ΧΙΙ.
793 1317 867 1367 Μ.
906 1316 1330 1369 ANTONIUS
1371 1317 1758 1369 MURETUS

690 1408 998 1445 unacum
1038 1408 1335 1447 otor-Ano
1374 1410 1498 1449 suo
1537 1410 1583 1448 s.
1625 1412 1681 1451 n.

465 1459 621 1545 Utut
652 1498 757 1556 est,
796 1508 830 1545 a
859 1493 1111 1544 discessu
1130 1498 1228 1545 tuo
1251 1509 1386 1548 unas
1406 1503 1616 1549 tantum
1639 1512 1672 1548 a
1691 1501 1748 1548 te
1768 1494 1986 1546 litteras

392 1561 606 1626 accepi:
652 1561 723 1611 ad
753 1575 887 1628 quas
916 1560 1066 1625 ipsas
1094 1561 1188 1640 qui
1207 1565 1576 1628 respondeam
1598 1579 1708 1615 non
1731 1561 1984 1628 reperim

394 1625 532 1677 nihil
560 1630 706 1679 enim
745 1627 1037 1679 continent
1072 1629 1179 1678 msi
1210 1631 1792 1681 commemorationem
1820 1641 1986 1694 quan·

394 1694 516 1744 dam
538 1695 759 1746 minime
784 1695 1155 1745 necessariam
1173 1695 1282 1745 iam
1303 1696 1513 1760 pridem
1530 1698 1816 1747 institutae
1843 1695 1988 1744 inter

393 1775 497 1812 nos
541 1762 821 1812 amicitiae
872 1767 930 1813 et
979 1760 1156 1811 levem
1197 1763 1473 1828 quandam
1511 1761 1983 1829 conquestionem,

395 1828 544 1890 quod
562 1827 632 1877 ad
652 1842 749 1877 eas
770 1827 986 1877 litteras
1008 1842 1115 1877 non
1137 1828 1521 1892 responderim
1539 1865 1555 1890 ,
1598 1843 1734 1894 quas
1763 1825 1984 1876 omnino

395 1907 505 1942 non
525 1893 734 1958 accepi.
784 1893 927 1958 ,Ego
951 1898 1032 1952 te,
1074 1891 1306 1944 Ciofane
1327 1895 1428 1955 mi,
1469 1909 1594 1945 amo
1617 1909 1685 1944 ex
1706 1893 1886 1943 animo
1908 1889 1985 1938 id·

396 1971 503 2022 que
523 1958 642 2018 tibi,
681 1959 903 2022 quoties
922 1971 983 2007 se
1006 1956 1209 2008 offeret
1230 1961 1480 2021 occasio,
1520 1975 1580 2011 re
1601 1957 1723 2027 ipsa
1742 1957 1986 2008 declara-

395 2029 550 2072 turus
586 2037 733 2084 sum,
771 2037 882 2071 non
908 2022 965 2072 in
992 2023 1102 2074 tuis
1134 2031 1370 2088 tantum,
1413 2027 1594 2077 sedin
1626 2026 1866 2076 omnium
1895 2022 1988 2088 qui

395 2085 529 2139 mihi
566 2104 600 2139 a
623 2095 682 2139 te
708 2087 1236 2140 commendabuntur
1263 2092 1521 2158 negotiis.
1592 2092 1719 2142 Hoc
1758 2089 1988 2155 amplius

432 2161 681 2205 raestare
715 2152 854 2205 nihil
891 2168 1133 2220 possum.
1206 2157 1288 2207 Te
1318 2157 1583 2224 quidquid
1608 2156 1742 2208 mihi
1772 2161 1986 2222 gratum

394 2169 518 2271 pore
547 2221 850 2288 intelliges,
888 2225 1204 2273 curaturum
1244 2229 1301 2273 et
1328 2225 1475 2288 quod
1492 2226 1550 2275 in
1569 2231 1626 2274 te
1647 2224 1772 2285 erit,
1811 2219 1987 2302 perfe-

394 2293 608 2338 cturum
635 2302 781 2348 esse,
821 2293 910 2338 sat
929 2286 1067 2338 scio.
1139 2289 1253 2339 Fac
1272 2290 1461 2351 sciam,
1544 2289 1687 2340 uoad
1709 2295 1766 2339 te
1785 2286 1877 2338 luc
1897 2299 1988 2336 ex-

394 2359 648 2469 gpectziire
685 2355 1002 2405 debeamus.
1078 2353 1233 2405 Vale.
1276 2355 1502 2406 Romae.
1580 2355 1813 2407 ostridie
1841 2351 1980 2405 Non.

435 2432 504 2468 ex
531 2433 548 2468 ι
574 2455 586 2468 .
612 2433 951 2470 mnnxxvnr.
1352 2434 1360 2438 ·
