2275 3025
312 155 415 206 244
764 123 766 128 ’
846 151 923 202 Μ.
958 152 1019 203 A.
1058 137 1387 203 mnam-1

721 221 901 304 XXX.
940 266 1161 304 emma
1188 267 1504 306 sAcnsTo.

376 323 563 405 Bone
604 351 698 420 qui
737 351 1009 414 eoniiciet,
1051 360 1224 403 vatem
1270 354 1410 478 [2ch
1445 351 1726 419 perhibeto
1781 352 1920 421 opti-

1140 433 1299 470 mum.
1320 420 1346 447 ³*

292 485 405 536 ·'l⁸u
438 499 573 535 vero
610 484 755 536 bene
788 491 847 535 et
876 500 1007 536 vere
1053 486 1373 560 cqniecistiz
1427 501 1546 536 sum
1573 485 1722 535 enim
1761 490 1920 536 totus

311 553 371 602 in
395 552 673 602 edolando
694 559 793 602 tuo
816 551 917 602 illo
957 552 1306 602 munusculo.
1380 549 1542 610 Quod
1567 553 1674 602 erit
1697 551 1920 617 quidem

310 618 459 668 mole
482 619 759 684 exiguum,
804 618 924 680 sed,
946 619 1056 667 nisi
1076 633 1165 668 me
1198 617 1347 667 fallit
1385 632 1674 668 commune
1695 617 1918 680 malum,

310 681 345 745 ᾗ
365 684 627 748 φιλαυτία,
660 682 749 732 οὒκ
783 682 954 748 ἄχαρι.
1028 683 1138 734 Sed
1159 699 1352 750 sumne
1391 699 1499 750 ego
1526 684 1832 742 obliviosus
1861 690 1920 734 et

311 751 648 817 incogitans,
686 751 779 815 qui
810 764 1087 818 nunquam
1124 751 1229 801 tibi
1263 750 1332 800 de
1371 757 1585 802 asmate
1607 751 1725 810 illo,
1767 749 1920 816 quod

310 814 447 866 mihi
487 822 595 866 tam
636 817 936 882 diligenter
979 831 1226 878 curans,
1265 818 1475 884 gratias
1499 815 1741 884 egerim?
1775 813 1922 866 Mihi

314 882 499 944 crede,
520 897 695 949 usque
717 880 953 947 antehac
974 883 1187 934 credidi
1207 898 1296 934 me
1328 884 1510 934 officio
1551 883 1824 945 functum,
1861 889 1921 933 et

312 948 361 998 si
380 949 503 1015 quis
523 949 902 1000 iusiurandum
927 949 1228 1013 attulisset,
1257 951 1548 1012 iun-assem,
1590 950 1806 1015 opinor,
1829 963 1917 998 me

310 1015 372 1065 id
398 1015 767 1082 praestitisse.
838 1015 997 1068 Nunc
1033 1023 1210 1067 totam
1243 1031 1358 1066 rem
1398 1016 1723 1082 diligentius
1760 1029 1918 1080 repe-

312 1088 437 1132 tens
478 1089 535 1132 et
572 1083 629 1132 in
666 1084 991 1135 memoriam
1033 1098 1320 1145 revocans,
1360 1083 1648 1145 recordor,
1684 1088 1743 1132 te
1779 1079 1920 1132 mihi

312 1154 445 1198 tuno
464 1150 780 1215 scripsisse,
802 1166 925 1200 eum
948 1149 1216 1202 Venetias
1255 1157 1312 1200 et
1335 1150 1486 1210 inde,
1509 1151 1562 1198 ni
1586 1149 1774 1211 fallor,
1813 1147 1919 1198 Pa-

312 1216 521 1265 tavium
542 1216 1001 1280 proficiscereris·
1077 1219 1162 1266 Ea
1179 1215 1312 1266 mihi
1335 1231 1508 1266 eausa
1527 1215 1653 1278 fuit,
1692 1228 1763 1265 ne
1783 1215 1920 1265 sori-
1953 1258 1963 1264 .

314 1280 535 1344 berem,
576 1281 704 1332 dum
742 1289 798 1332 te
838 1283 1061 1334 domum
1101 1283 1339 1334 rediisse
1378 1295 1730 1349 cognossem.
1805 1279 1920 1332 Sed

316 1361 524 1412 quaeso
546 1354 622 1410 te,
644 1362 711 1398 ne
746 1349 804 1398 id
827 1347 1017 1398 durius
1041 1349 1302 1415 accipias,
1323 1364 1462 1416 neve
1493 1363 1584 1399 me
1619 1363 1720 1414 pro
1761 1353 1921 1398 terea.

312 1414 493 1462 minus
517 1428 687 1474 ames,
718 1429 783 1478 ae
802 1416 989 1479 potius
1009 1416 1090 1465 ita
1110 1415 1344 1477 iudices,
1369 1421 1526 1466 tanto
1557 1422 1614 1466 te
1655 1416 1726 1464 mi
1769 1415 1792 1464 i
1829 1427 1918 1464 oa-

313 1479 521 1529 rioi·em
542 1477 683 1542 fore,
706 1487 912 1547 quanto
932 1479 1065 1532 mihi
1086 1481 1246 1547 plura
1267 1482 1571 1547 ignoveris.
1616 1480 1763 1533 Illud
1817 1495 1919 1532 uo·

316 1560 422 1612 que
443 1547 607 1597 velim
630 1547 797 1612 scias,
826 1547 1004 1599 fuisse
1043 1548 1209 1598 aliam
1247 1563 1453 1611 curam,
1487 1564 1628 1615 quae
1665 1564 1754 1599 me
1831 1548 1920 1600 ies

314 1614 531 1681 aliquot
556 1618 817 1667 tenuerit.
890 1614 1023 1665 Cum
1054 1616 1200 1666 enim
1231 1618 1450 1683 pigeret
1480 1631 1568 1666 me
1598 1616 1710 1666 iam
1739 1614 1918 1666 homi-

312 1696 437 1731 nem
460 1696 647 1732 senem
686 1697 906 1751 semper
939 1683 997 1733 in
1036 1683 1326 1735 conductis
1367 1684 1597 1734 aedibus
1636 1681 1945 1743 habitare,'

314 1748 561 1815 cogitavi
582 1750 651 1801 de
673 1750 906 1801 emenda
927 1750 1112 1813 domo,
1155 1765 1334 1817 neque
1377 1749 1690 1815 conquievi,
1737 1749 1916 1799 donec

312 1814 370 1863 id
395 1816 542 1879 quod
567 1817 816 1867 volebam
837 1814 1019 1868 effeci.
1089 1817 1282 1883 ltaque
1305 1818 1412 1866 emi
1442 1817 1662 1866 domum
1701 1829 1836 1865 sane
1859 1819 1920 1864 et

314 1894 600 1931 amoenam
623 1888 681 1931 et
699 1883 1042 1949 magnificam
1062 1884 1120 1933 in
1141 1884 1424 1934 radicibus
1443 1882 1646 1933 montis
1661 1878 1916 1944 Quirina·

312 1946 385 1995 lis
412 1946 651 2011 quinque
672 1948 917 1998 millibus
939 1964 1215 1999 nummum
1236 1964 1548 2000 aureorum.
1600 1949 1716 1999 lam
1752 1952 1918 2014 pacta

312 2017 595 2063 transacta
618 2016 820 2063 omnia.
891 2012 1050 2064 Nunc
1071 2016 1185 2065 alia
1220 2030 1306 2067 me
1328 2031 1461 2065 eura
1479 2016 1720 2081 excepit,
1758 2026 1916 2079 repe-

310 2078 493 2129 riendi
512 2078 663 2129 illam
702 2080 971 2145 pecuniae
993 2096 1276 2144 summam,
1317 2096 1478 2149 quom
1514 2088 1700 2132 tamen
1738 2095 1914 2147 prope

312 2144 423 2194 iam
446 2144 757 2198 confectam
800 2161 923 2197 esse
946 2149 1186 2201 confido.
1259 2148 1393 2198 Cum
1419 2147 1650 2203 Romam
1676 2149 1914 2208 veneris,

316 2213 425 2263 erit
444 2213 543 2263 tibi
568 2221 818 2279 paratum
844 2210 1141 2281 hospitium
1163 2216 1306 2281 apud
1327 2230 1469 2275 eum,
1510 2230 1618 2281 quo
1647 2228 1828 2281 neque
1853 2222 1917 2263 tu

314 2294 642 2347 quemquam
681 2284 954 2333 cariorem
996 2280 1194 2342 habes,
1228 2294 1406 2347 neque
1446 2280 1572 2340 ille,
1637 2296 1798 2348 quam
1838 2285 1932 2340 te,-

315 2361 640 2413 quemquam
662 2350 950 2399 cariorem.
1022 2346 1409 2398 Valetudinem
1445 2356 1598 2397 tuam
1621 2362 1754 2398 cura
1793 2346 1918 2396 dili-

356 2418 533 2475 enter,
553 2416 626 2463 mi
653 2413 901 2478 Sacrate,
939 2428 1098 2480 quem
1124 2428 1230 2479 ego
1254 2414 1636 2465 mediusfidius
1657 2416 1716 2465 in
1737 2413 1917 2464 nouus

342 2492 459 2529 ero.
529 2478 689 2531 Vale.
728 2482 956 2532 Romae.
1012 2480 1162 2531 Prid.
1206 2478 1350 2530 Non.
1391 2480 1590 2531 Octob.
1627 2496 1696 2533 ex
1733 2478 1919 2531 veteri

370 2660 413 2714 ⁸)
446 2660 541 2703 Cic.
564 2658 619 2700 de
640 2658 774 2702 divin.
793 2658 853 2701 E.
886 2660 924 2703 ⁵:
944 2659 985 2714 fi.
1013 2663 1063 2702 12
