2275 3025
583 436 1549 522 PRAEFATIO.

322 698 457 795 M·
485 737 721 794 Antonii
745 735 959 795 Mureti
985 739 1275 794 orationes
1305 747 1365 795 et
1392 741 1663 814 epistolas
1692 759 1863 815 quum

259 838 437 895 etiam
460 854 612 893 nuno
637 838 832 913 magni
867 838 1162 893 aestimari
1204 845 1264 893 et
1298 856 1331 892 a
1369 839 1566 895 multis
1607 838 1861 894 studiose

260 937 384 1011 legi
409 935 552 991 satis
593 941 845 1005 constet,
887 934 1200 991 editionem
1241 952 1435 991 earum
1474 936 1760 992 instruere
1804 947 1863 991 et

263 1032 622 1091 emendatam
662 1040 722 1087 et
759 1051 959 1107 parvox
973 1033 1287 1107 parabilem
1327 1053 1395 1089 eo
1434 1033 1619 1090 minus
1659 1035 1862 1090 inutile

263 1142 355 1189 est
380 1133 585 1202 visum,
612 1129 762 1206 quod
799 1148 944 1206 quae
968 1130 1251 1187 habentur
1279 1131 1582 1216 editiones,
1611 1141 1710 1188 aut
1733 1151 1864 1210 par-

267 1239 384 1287 tem
409 1238 631 1285 tantum
659 1246 853 1285 earum
879 1230 1204 1299 continent,
1232 1238 1331 1284 aut
1354 1230 1571 1284 maiore
1599 1238 1867 1285 constant

263 1328 472 1403 pretio,
489 1345 657 1402 quam
679 1334 747 1382 ut
770 1326 1077 1382 multorum
1102 1327 1165 1381 in
1188 1326 1447 1384 manibus
1475 1345 1601 1383 esse
1625 1329 1863 1403 possint.

266 1424 318 1483 E
362 1424 576 1481 duabus
615 1433 807 1496 autem
847 1423 990 1480 haee
1031 1424 1210 1481 editio
1253 1424 1540 1481 constabit
1574 1425 1862 1501 partibus3

267 1533 441 1601 atque
470 1524 783 1600 epistolae,
823 1534 969 1599 quae
1007 1521 1117 1580 hoo
1154 1525 1442 1582 volumine
1480 1527 1864 1594 eontinentur,

266 1639 572 1698 expressae
625 1620 855 1697 quidem
908 1630 1041 1678 sunt
1100 1641 1177 1678 ex
1227 1617 1557 1680 Ruhnkenii
1612 1622 1865 1678 editione

269 1718 521 1796 Operum
534 1717 768 1790 Mureti,
783 1720 865 1776 ita
892 1728 1083 1776 tamen
1109 1727 1175 1777 ut
1198 1720 1587 1795 praefationes
1613 1723 1737 1776 sive
1766 1718 1865 1774 de-

269 1817 580 1874 dicatoriae
607 1835 747 1893 qnas
776 1816 976 1874 dieunt
1001 1819 1297 1892 epistolae,
1327 1834 1465 1892 quas
1491 1814 1864 1875 Ruhnkenius

268 1918 496 1992 seriptis
523 1915 595 1972 iis
619 1917 949 1991 praemisit,
976 1915 1050 1971 ad
1079 1932 1224 1990 quae
1250 1914 1573 1990 pertinent,
1614 1914 1863 1971 seeundo

268 2014 748 2090 subiungerentur
785 2013 934 2070 libro
949 2051 968 2083 ,
1009 2011 1478 2088 quemadmodum
1509 2031 1544 2068 a
1578 2012 1863 2088 prioribus

269 2111 582 2169 editoribus
609 2110 824 2168 factum
851 2119 994 2183 erat,
1012 2109 1462 2188 accederentque
1486 2113 1719 2187 praeter
1742 2131 1867 2169 mu-

266 2220 394 2267 tuas
427 2207 642 2266 Mureti
666 2217 726 2265 et
750 2207 1011 2264 Lambini
1037 2210 1309 2290 epistolas
1340 2228 1440 2266 eae
1469 2229 1691 2281 omnes,
1721 2228 1865 2284 quae

265 2308 327 2364 in
352 2307 622 2365 Auctario
650 2302 897 2381 Operum
937 2304 1152 2364 Mureti
1177 2304 1335 2387 (Vol.
1364 2305 1460 2363 IV.
1489 2303 1750 2384 Ruhnk.)
1778 2309 1865 2362 in-

265 2405 587 2462 veniuntur.
687 2404 779 2460 Ita
803 2423 998 2462 omnes
1014 2445 1033 2476 ,
1060 2414 1342 2482 quotquot
1367 2414 1702 2480 supersunt,
1736 2402 1867 2461 Mu-

264 2503 379 2562 reti
407 2503 702 2577 epistolae,
731 2502 841 2559 hoe
867 2503 929 2558 in
953 2503 1149 2560 libello
1177 2505 1517 2561 coniunctae
1543 2511 1693 2557 sunt.
1796 2500 1862 2555 In

267 2602 527 2658 oratione
569 2609 759 2657 autem
783 2599 997 2657 Mureti
1022 2620 1196 2678 quum
1220 2609 1319 2658 aut
1360 2600 1643 2655 editorum
1669 2614 1861 2653 socor-

264 2699 364 2756 dia
389 2707 490 2756 aut
515 2700 810 2774 scriptoris
850 2698 1028 2773 ipsius
1068 2698 1427 2773 negligentia
1467 2703 1666 2769 aperta
1692 2707 1863 2763 quae-

264 2797 399 2856 dam
421 2796 566 2856 vitia
589 2797 865 2868 inessent,
882 2795 1184 2852 emendata
1197 2795 1467 2867 pleraque
1496 2807 1623 2843 cum
1637 2786 1706 2838 ab
1735 2782 1862 2834 aliis
