2275 3025
678 129 937 188 EPls'r.
972 129 1130 186 12113.
1165 131 1242 186 11.
1277 133 1400 188 ΕΡ.
1434 134 1633 188 xxn.
1858 137 1959 192 ²⁰3

360 241 712 304 acceperunt,
737 237 809 286 ad
831 247 927 285 eas
951 249 1075 284 cum
1095 233 1454 300 respondent,
1468 235 1959 302 indepotissimum

360 304 737 364 exordiantur,
778 305 843 352 ut
883 315 979 350 eas
1017 301 1125 350 sibi
1170 308 1360 368 gratas
1393 307 1452 352 et
1481 303 1746 353 iucundas
1779 303 1958 355 fuisse

254 421 273 428 ,
358 370 703 421 confirment.
776 367 888 419 Sed
920 364 1029 416 hoc
1053 365 1216 428 mihi,
1245 367 1417 430 zeno,
1438 367 1604 418 velim
1626 368 1844 430 credas,
1866 383 1956 422 me

354 451 520 502 nunc,
563 451 677 486 non
722 436 852 500 quia
874 434 942 484 ab
968 433 1224 484 omnibus
1245 433 1327 483 ita
1349 433 1461 485 dici
1480 434 1680 496 soleat,
1707 447 1774 483 eo
1797 434 1856 485 id
1877 435 1958 486 di·

356 517 509 553 cere:
533 503 701 552 immo
727 513 789 550 re
811 514 943 550 vera
961 504 1174 551 tantam
1193 497 1332 550 mihi
1358 499 1455 561 iis,
1499 514 1636 565 quas
1657 514 1690 549 a
1711 504 1768 550 te
1787 501 1958 552 modo

355 568 567 634 accepi,
612 567 814 617 litteris
856 565 1131 618 obiectam
1176 579 1303 617 esse
1343 564 1641 628 laetitiam,
1680 571 1746 616 ut
1771 580 1842 618 ea
1865 581 1958 618 me

352 634 697 700 respondere
719 633 1029 699 cupientem
1060 632 1214 683 nulla
1239 631 1426 711 {ptius
1457 645 1604 682 exre
1627 632 1959 698 principium

358 699 563 752 ducere
598 701 858 766 patiatur.
930 698 1069 750 Nam
1102 714 1229 750 cum
1249 713 1390 764 *ipsa
1410 713 1515 766 per
1541 713 1602 748 se
1623 712 1813 749 earum
1834 712 1956 750 sen-

354 767 534 816 tentia
571 764 706 816 mihi
746 767 1066 832 gratissima
1100 766 1232 818 fuit:
1283 768 1462 826 (totae
1503 765 1648 816 enim
1685 777 1860 831 prope
1899 767 1958 816 in

355 845 424 882 eo
447 832 911 884 consumebantur
926 869 942 893 ‚
958 837 1024 882 ut
1044 831 1425 893 ostenderent,
1446 832 1772 882 memoriam
1791 832 1903 882 mei
1922 846 1958 882 a

353 903 411 948 te
441 903 498 950 et
525 914 559 948 a
587 898 761 950 fratre
780 905 880 950 tuo
904 899 994 964 pie
1016 913 1082 948 ac
1103 898 1407 964 diligenter
1425 899 1536 949 coli
1549 899 1590 960 ι)
1628 905 1742 949 tum
1764 911 1954 948 earum

351 979 536 1016 sermo
558 966 640 1018 ita
663 964 798 1016 mihi
816 971 1001 1014 tersus
1022 969 1190 1030 atque
1215 963 1444 1030 elegans
1463 964 1613 1014 visus
1635 970 1746 1026 cst,
1765 969 1830 1014 ut
1845 964 1956 1014 iam

348 1031 454 1081 tibi
472 1032 562 1081 vel
582 1045 707 1082 meo
729 1029 978 1098 periculo
991 1029 1251 1095 polliceri
1276 1029 1614 1090 audeam,te,
1625 1031 1675 1079 si
1733 1043 1805 1080 uo
1829 1043 1956 1080 coe-

349 1097 501 1162 pisti,
540 1098 716 1163 gradu
741 1096 1087 1161 perrexeris,
1123 1095 1285 1146 brevi
1318 1101 1570 1162 tempore
1610 1095 1703 1162 qui
1741 1095 1953 1157 usdam,

352 1176 493 1228 quos
518 1168 578 1211 tu
599 1175 743 1212 nunc
763 1161 1053 1212 admiraris
1069 1198 1085 1223 ‚
1113 1175 1226 1210 non
1254 1161 1429 1211 multo
1457 1160 1782 1211 inferiorem
1807 1160 1954 1214 futu-

348 1239 513 1292 rum„
558 1228 682 1278 Erit
712 1233 894 1278 autem
914 1224 1047 1276 mihi
1076 1227 1406 1294 gloriosum,
1436 1233 1522 1289 tc,
1545 1227 1822 1278 alumnum
1841 1228 1951 1279 dis-

350 1293 588 1360 ciplinae
608 1307 781 1355 meae,
804 1293 1007 1347 florere
1038 1291 1296 1346 laudibus
1330 1300 1388 1345 ct
1407 1296 1647 1346 omnium
1663 1293 1950 1362 praedica-

350 1362 503 1412 tione
523 1360 693 1411 talem
717 1359 936 1422 haberi,
969 1361 1189 1428 qualem
1219 1375 1325 1428 ego
1349 1361 1474 1412 fore
1501 1367 1657 1412 tanto
1689 1369 1817 1412 ante
1838 1375 1952 1414 non

346 1427 718 1492 praeviderim
738 1427 924 1487 modo,
947 1429 1047 1479 sed
1070 1429 1239 1480 etiam
1259 1427 1448 1480 multis
1471 1442 1638 1496 saepe
1661 1428 1951 1493 praedixe-

345 1493 468 1546 rim.
541 1494 753 1557 Quare,
792 1495 869 1547 mi
890 1494 1067 1557 Zene‚
1106 1509 1304 1563 perge,
1349 1495 1585 1547 obsecro
1607 1499 1697 1557 te,
1721 1499 1780 1547 et
1797 1499 1951 1561 puta,

347 1561 452 1611 tibi
488 1562 600 1611 iam
621 1577 730 1612 non
754 1576 877 1612 cum
904 1562 1234 1627 aequalibus
1253 1562 1394 1624 tuis,
1435 1576 1669 1627 quorum
1701 1560 1956 1611 nonnulli

345 1641 550 1693 magno
590 1642 717 1677 meo
763 1626 961 1677 dolore
1002 1628 1276 1677 abiecisse
1305 1625 1495 1676 hastas
1525 1626 1782 1676 videntur
1797 1662 1812 1689 ,
1853 1626 1955 1677 sed

345 1698 535 1742 tecum
573 1706 701 1741 esse
742 1693 1091 1757 certandum3
1134 1706 1334 1759 neque,
1378 1707 1500 1741 cum
1532 1706 1704 1755 usque
1739 1706 1807 1742 eo
1829 1707 1954 1758 pro-

318 1804 327 1810 .
348 1770 577 1822 gressus
600 1757 705 1817 sis,
736 1758 838 1807 tibi
866 1757 1100 1822 amplius
1128 1758 1406 1823 integrum
1430 1771 1555 1807 esse
1577 1764 1672 1807 aut
1692 1758 1954 1810 insistere

350 1827 447 1872 aut
479 1822 730 1888 regredn
767 1825 1097 1888 praesertim
1136 1836 1264 1873 cnm
1300 1826 1357 1874 in
1395 1824 1622 1874 civitate
1659 1830 1848 1876 vestra
1884 1839 1953 1877 ea

347 1890 641 1955 proposita
658 1886 770 1938 sint
787 1889 1140 1955 eloquentiae
1163 1891 1426 1957 praemia,
1439 1902 1579 1957 quae
1599 1889 1692 1941 vel
1709 1892 1951 1959 ignavis-

347 1955 522 2005 simos
545 1955 791 2007 excitare
812 1968 979 2023 posse
1000 1955 1310 2007 videantur.
1382 1956 1551 2009 Plura
1579 1958 1635 2007 in
1665 1956 1806 2009 hanc
1826 1972 1950 2009 sen·

345 2024 575 2073 tentiam
604 2022 927 2084 scriberem,
950 2023 999 2072 si
1022 2036 1162 2090 opus
1183 2038 1310 2074 esse
1332 2024 1660 2085 arbitrarer,
1702 2030 1761 2075 et
1785 2027 1836 2075 si
1863 2039 1949 2074 es·

344 2094 433 2139 set
473 2091 664 2140 otium.
734 2088 893 2141 Nunc
934 2096 990 2140 et
1022 2094 1084 2139 tu
1120 2088 1411 2142 hortatore
1449 2089 1590 2141 nihil
1614 2091 1862 2156 indiges,
1890 2096 1950 2139 et

340 2154 565 2206 litterae
602 2160 735 2205 tuae
771 2170 842 2207 eo
878 2161 1131 2222 tempore
1175 2156 1307 2209 mibi
1346 2158 1602 2208 redditae
1642 2162 1794 2217 sunt,
1834 2168 1944 2221 quo

338 2221 422 2273 ita
443 2228 747 2287 occupatus
769 2236 944 2284 eram,
976 2229 1037 2273 ut
1060 2224 1155 2274 vix
1175 2221 1314 2274 haec
1341 2225 1467 2289 ipsa
1495 2234 1726 2273 exarare
1750 2224 1946 2285 potue·

339 2287 460 2339 rim.
531 2286 649 2339 Nos
678 2288 827 2341 enim
855 2302 977 2340 cras
999 2291 1177 2340 Tibur
1207 2289 1516 2356 profecturi
1539 2301 1754 2347 sumus,
1776 2292 1944 2353 atque

342 2355 461 2405 illic
472 2361 649 2405 totam
669 2360 939 2407 aestatem
961 2355 1316 2422 futurizquod
1338 2353 1442 2404 hac
1464 2353 1592 2403 anni
1612 2357 1944 2418 tempestate

341 2418 499 2471 locus
525 2421 625 2471 ille
652 2421 805 2473 alsus
828 2422 1083 2487 inprimis
1114 2428 1172 2472 et
1201 2420 1440 2471 salubris
1468 2424 1636 2485 atque
1675 2431 1943 2469 amoenus

342 2484 630 2538 habeatur.
699 2488 892 2554 ltaque
926 2486 1059 2538 mibi
1090 2485 1506 2551 componendae
1545 2490 1674 2535 sunt
1699 2484 1945 2535 sarcinu-

342 2551 429 2603 lae
447 2588 462 2615 ,
495 2551 838 2605 bibliotheca
865 2554 1242 2619 potissimun13
1279 2566 1389 2617 qua
1411 2552 1460 2601 si
1493 2548 1624 2601 mihi
1649 2548 1945 2601 carendum

344 2626 514 2682 esset,
538 2618 691 2670 nulla
713 2626 864 2671 esset
883 2619 999 2670 loci
1018 2618 1328 2673 amoenitas
1347 2623 1519 2680 tanta,
1541 2630 1682 2686 quae
1704 2614 1944 2666 animum
