2275 3025
380 139 493 190 '372
524 187 533 196 ,
760 137 1078 188 MURETI
1112 137 1218 187 ET
1257 133 1615 188 LAMBINI

394 243 560 303 atque
596 237 915 302 inopinatus
942 244 1129 288 vester
1155 251 1225 288 ex
1246 235 1412 286 ltalia
1439 235 1754 287 discessus!
1790 236 2002 289 Iocone

395 319 465 354 an
506 304 657 354 serio
700 303 811 354 ista
847 303 1154 370 scripsisti}
1191 303 1251 354 si
1319 303 1412 353 uid
1441 309 1526 352 est
1551 298 2002 366 τῶνάποῤῥὴτωυ,

394 376 589 489 {ait-22:13
631 371 737 434 sin,
762 369 853 420 fac
872 377 933 420 ut
954 371 1145 420 sciam.
1216 368 1302 420 Va
1327 384 1375 420 e.
1400 367 1633 420 Patavii.
1658 368 1851 421 Pridie
1871 370 1999 422 Kal.

977 497 1399 526 -ῇ-..ι-

918 617 1051 669 vn.
1094 615 1482 670 MURETUS

847 713 1298 750 mansino
1369 711 1416 747 s·
1490 710 1547 746 n.

464 765 592 847 lam
614 799 943 868 scripseram
966 798 1037 850 ad
1070 799 1280 848 liberos
1301 795 1596 862 Valgrisii‚
1635 809 1759 846 cum
1795 793 1999 845 allatae

396 861 533 914 mibi
554 870 683 914 sunt
704 871 830 914 tuae
852 865 1091 915 litterae.
1161 865 1353 929 ltaque
1375 863 1480 912 etsi
1505 861 1664 912 valde
1685 862 1993 928 sperabam,

394 931 537 980 meis
582 931 841 995 precibus
876 929 1015 980 nihil
1050 945 1188 996 opus
1219 930 1372 990 fore,
1410 935 1620 988 tamen,
1660 926 1810 1006 quod
1840 933 2000 977 erant

394 998 508 1046 iam
543 997 784 1063 scriptae
823 997 1063 1057 litterae,
1102 996 1398 1047 mittendas
1423 994 1638 1044 censui:
1678 994 1846 1058 idque
1865 991 1996 1043 feci.

285 1069 294 1072 “
394 1063 697 1114 Assuefieri
719 1063 981 1128 paulatim
1002 1077 1167 1113 aures
1189 1069 1311 1112 tuas
1333 1063 1598 1128 quasique
1621 1060 1999 1110 occallescere

399 1130 638 1196 gaudeo.
710 1130 991 1180 Manutius
1010 1129 1129 1179 beri
1153 1129 1220 1180 ad
1247 1142 1333 1178 me
1362 1126 1606 1192 scripsit,
1645 1127 1696 1175 si
1724 1125 1858 1192 quid
1883 1140 2002 1176 mu·

396 1200 519 1246 tare
558 1196 757 1246 vellem
798 1195 852 1245 in
886 1197 1033 1247 notis
1050 1195 1179 1245 -illis
1205 1195 1344 1246 meis
1373 1193 1442 1244 ad
1463 1193 1788 1243 'l'erentium
1815 1199 1912 1242 aut
1929 1191 2003 1242 ad

400 1274 497 1312 eas
518 1262 726 1327 aliquid
750 1262 985 1323 addere,
1027 1268 1091 1313 ut
1126 1263 1304 1328 primo
1340 1274 1560 1327 quoque
1582 1266 1832 1324 tempore
1851 1257 2000 1309 faec-

397 1341 540 1377 remt
588 1342 650 1378 se
677 1329 749 1379 de
772 1328 855 1378 eis
879 1326 1060 1380 denuo
1083 1328 1403 1395 propediem
1428 1325 1767 1377 excudendis
1789 1325 2001 1391 cogita·

398 1407 480 1442 re.
550 1392 834 1442 Denu‘ntio
860 1394 1036 1458 igitur
1060 1395 1192 1455 tibi,
1229 1394 1280 1443 si
1311 1393 1443 1460 quid
1473 1392 1735 1449 adiuvare
1765 1393 1822 1441 iu
1854 1405 2002 1441 ean-e

401 1471 489 1508 me
508 1463 690 1522 potes,
716 1460 899 1524 (potes
919 1465 1101 1508 autem
1124 1459 1441 1523 plurimum)
1463 1466 1523 1508 ut
1541 1457 1735 1507 facias.
1782 1457 2000 1508 Alliano

400 1528 627 1585 nostro,
668 1532 827 1590 quem
849 1525 1017 1576 talem
1040 1526 1141 1575 tibi
1173 1525 1377 1588 videri,
1416 1526 1595 1592 qualis
1622 1522 1757 1575 mihi
1785 1538 2005 1591 semper

400 1592 555 1641 visus
577 1597 681 1652 est,
721 1591 779 1642 id
804 1598 918 1652 est,
960 1593 1226 1658 optimum
1245 1608 1311 1644 ac
1331 1592 1801 1645 modestissimum
1825 1592 2004 1641 virum

400 1657 763 1725 inprimisque
795 1654 1087 1723 φιλόφιλον,
1126 1660 1518 1710 immortaliter
1537 1657 1782 1725 gaudem
1825 1656 2002 1775 ciffi·

401 1731 495 1775 tur
533 1725 823 1791 plurimum
850 1741 976 1777 meo
1010 1727 1232 1777 nomine
1252 1726 1448 1777 salutis
1469 1726 1771 1789 imperties.
1841 1722 1894 1774 V
1952 1738 2005 1785 e,

403 1792 707 1907 gmticorum
726 1807 976 1843 meorum
998 1793 1205 1859 optime
1226 1799 1285 1843 et
1305 1792 1684 1858 integerrime.
1734 1790 1814 1841 ld.
1835 1790 2002 1841 Mart.

454 1872 485 1908 a
512 1872 658 1909 avio.
1819 1868 1826 1873 ·

912 2039 1076 2090 vm.
1113 2037 1501 2091 MURETUS

852 2136 887 2171 ι,
923 2138 955 2172 Α
993 2136 1031 2171 n
1069 2138 1099 2172 s
1136 2137 1160 2173 1
1201 2138 1232 2173 n
1273 2138 1308 2173 o
1377 2136 1424 2172 a.
1498 2137 1556 2173 n.

474 2190 786 2283 Sciebam,
826 2234 915 2273 me
946 2221 1086 2272 illud
1121 2221 1190 2272 de
1219 2221 1478 2273 irritandi
1505 2222 1672 2272 verbo
1701 2218 1904 2271 alicubi
1925 2220 2003 2271 le-

406 2285 585 2351 gisset
608 2286 708 2337 sed
728 2288 983 2345 nolebam
1006 2289 1288 2339 obstinate
1307 2288 1669 2349 contendere,
1692 2288 1802 2338 nisi
1820 2287 2004 2339 locum

408 2354 576 2402 etiam
614 2353 792 2419 ipsum
832 2356 1079 2407 indicare
1114 2369 1354 2419 possem.
1424 2355 1612 2404 Hodie
1634 2354 1834 2419 reperi.
1905 2352 2006 2403 Est

408 2422 591 2467 autem
613 2419 669 2467 in
692 2420 781 2481 iis,
803 2436 943 2485 quae
966 2423 1181 2471 notavit
1199 2420 1416 2472 Pierius
1435 2423 1492 2472 in
1516 2420 1712 2471 librum
1733 2419 2006 2470 decimum

408 2480 688 2557 Virgilii*)
712 2483 797 2536 his
821 2488 1026 2537 verbis:
1066 2484 1276 2537 Irrita
1289 2495 1354 2552 tq
1367 2502 1435 2536 ue
1461 2486 1666 2537 virum
1695 2484 1858 2535 telis.
1901 2483 2008 2535 Im-

406 2560 580 2611 prean
614 2548 816 2599 codices
860 2568 1040 2603 omnes
1080 2549 1322 2601 irritat
1359 2552 1638 2619 geminato
1676 2567 1704 2603 r
1739 2549 2009 2603 scribunt.-

465 2623 507 2676 ·)
536 2624 650 2666 Aen.
668 2624 731 2665 X.
750 2628 847 2669 eu.
