2275 3025
433 149 533 198 314
956 149 1035 196 M.
1071 149 1132 197 A.
1169 145 1498 198 MURETI

434 249 631 297 simum
651 246 881 298 habebis
902 248 970 297 ad
994 261 1061 297 ea
1084 247 1292 308 omnia,
1331 261 1472 312 quae
1493 245 1596 295 tibi
1618 250 1675 295 et
1691 245 1958 296 utilitatis
1980 252 2043 296 et

432 314 733 380 voluptatis
754 314 967 378 aliquid
988 314 1227 362 allatura
1248 327 1372 362 esse
1400 323 1738 379 cognovero,
1807 313 1886 361 Ac
1912 327 2039 380 spe-

430 395 497 430 ro
518 394 604 429 me
625 378 713 429 his
732 379 959 429 aestivis
986 379 1269 429 mensibus
1283 415 1298 438 ,
1331 378 1528 444 quibus
1547 393 1640 428 res
1660 377 2039 443 proferentur,

431 447 606 496 multa
626 445 873 496 eiusdem
896 447 1117 510 generis
1139 443 1509 504 edolaturum,
1542 458 1717 508 eaque
1739 444 1807 494 ad
1828 450 1884 493 te
1905 444 2037 494 mis·

433 527 645 562 surum:
684 517 748 562 ut
772 512 1024 562 studiose
1052 516 1284 575 uterque
1309 525 1544 574 ‚operam
1582 509 1796 571 demus,
1837 515 1900 560 ut
1928 512 2038 560 eri-

432 579 646 644 piamus
672 592 741 628 ex
768 577 965 627 animis
995 575 1277 626 hominum
1311 576 1696 626 stultissimam
1723 576 1876 626 illam
1916 576 2035 640 opi·

432 645 679 704 nionem,
720 641 857 694 nihil
889 643 945 692 in
973 642 1094 694 iure
1127 648 1224 692 aut
1249 642 1533 706 sapienter
1565 642 1804 707 cogitari
1839 655 2034 706 posse,

434 710 583 776 quod
618 725 728 760 non
768 723 839 760 ex
874 709 989 760 illis
1045 708 1099 758 le
1145 708 1415 758 uleiorum
1464 708 1676 758 lacunis
1725 706 2035 769 hauriatur,

434 784 531 825 aut
560 775 777 825 erudite
817 774 945 834 dici,
990 723 1139 839 quog
1179 789 1290 824 non
1328 773 1538 824 insulse
1571 773 2032 839 ineleganterque

434 841 668 891 dicatur.
738 839 897 891 Vale.
921 841 1147 890 Romae.
1173 853 1302 890 xm.
1327 839 1452 890 Kal.
1473 840 1638 890 Febr.
1660 853 1975 890 nnnxxxu.

565 1105 855 1156 LXXXI.
896 1106 972 1156 Μ.
1010 1102 1448 1156 AN11·0N11JS
1497 1103 1894 1155 MURETUS

436 1202 964 1246 rnnuswnlssnio
1007 1202 1173 1238 vulo
1228 1201 1506 1238 IULIANO
1567 1200 2031 1240 ancnllzrlsco

603 1284 850 1320 nantel
888 1283 1217 1320 Emscoro
1255 1283 1619 1320 ALBIGENSI
1657 1283 1703 1320 Β.
1728 1284 1776 1318 P.
1801 1283 1860 1319 D.

500 1335 578 1417 In
601 1367 826 1418 summis
860 1367 1182 1428 doloribus,
1221 1369 1418 1434 quibus
1443 1371 1688 1420 vexabar
1719 1383 1788 1418 ex
1817 1368 2033 1434 ingenti

436 1431 672 1500 quadam
690 1432 745 1481 vi
765 1432 941 1482 flavae
961 1432 1116 1493 bilis,
1159 1448 1298 1498 quae
1322 1434 1416 1484 diu
1435 1450 1535 1500 per
1553 1442 1727 1486 totam
1751 1435 2036 1484 sinistram

436 1501 686 1566 corporis
707 1493 1049 1566 mei‘partem
1084 1507 1366 1565 grassata,
1404 1502 1627 1553 tandem
1661 1502 1718 1551 in
1748 1501 1941 1553 tibiam
1963 1500 2035 1550 si·

436 1568 664 1618 nistram
685 1572 808 1617 tota
828 1565 1195 1627 decubuerat,
1230 1566 1433 1617 allatae
1453 1567 1588 1618 mihi
1608 1574 1737 1619 sunt
1757 1584 1790 1617 a
1809 1574 1864 1617 te
1887 1568 2035 1618 litte·

435 1648 549 1696 rae,
572 1634 802 1694 Iuliane,
827 1633 1059 1684 Praesul
1078 1633 1435 1699 amplissime,
1457 1641 1700 1685 veterem
1723 1634 1894 1695 illam,
1930 1648 2039 1699 qua

435 1702 612 1752 vincis
654 1716 843 1751 omnes
860 1738 874 1762 ,
931 1698 1326 1751 humanitatem
1383 1706 1534 1751 tuam
1586 1702 2035 1767 singularemque

434 1782 704 1829 amorem,
737 1782 898 1833 quem
927 1781 1062 1833 erga
1081 1782 1169 1817 me
1188 1767 1296 1816 iam
1317 1767 1528 1831 pridem
1549 1768 1864 1833 suscepisti,
1887 1767 2038 1815 omni

436 1849 506 1885 ex
532 1841 689 1898 parte
732 1835 1030 1898 spirantes:
1079 1847 1220 1899 quae
1265 1830 1398 1882 mihi
1438 1833 1773 1883 levationem
1811 1833 2034 1899 quidem

434 1900 675 1964 aliquam
696 1899 911 1948 doloris
934 1900 1256 1960 attulerunt,
1284 1914 1464 1965 neque
1491 1902 1674 1950 tamen
1695 1902 1772 1949 ita
1797 1913 1884 1948 me
1907 1914 2034 1949 con-

433 1966 652 2015 firmare
673 1970 995 2029 potuerunt,
1030 1971 1092 2013 ut
1128 1966 1314 2015 statim
1353 1966 1423 2014 ad
1453 1973 1507 2016 te
1536 1966 1848 2015 rescribere
1869 1965 2035 2018 aude·

433 2044 569 2079 rem.
639 2030 806 2080 Misii
852 2028 962 2077 itur
982 2029 1052 2079 ad
1072 2029 1223 2079 loan.
1248 2030 1554 2095 Baptistam
1571 2032 1885 2092 Altovitam,
1910 2031 2032 2091 (ille

435 2094 580 2145 enim
609 2110 704 2146 eas
735 2096 808 2145 mi
852 2096 873 2144 i
901 2100 1236 2158 curaverat,)
1277 2099 1372 2163 qui
1394 2112 1517 2147 eum
1543 2112 1668 2148 meo
1701 2100 1924 2147 nomine
1946 2111 2034 2146 ro-

436 2169 621 2229 garet,
674 2167 735 2212 ut
778 2163 837 2212 in
874 2162 991 2211 suis
1028 2161 1097 2211 ad
1133 2168 1191 2212 te
1229 2164 1431 2214 litteris
1471 2165 1889 2214 excusationem
1931 2162 2033 2212 tibi

432 2243 612 2279 meam
632 2234 937 2294 exponeret
956 2228 1455 2295 pollicereturque,
1493 2244 1579 2279 me
1603 2231 1786 2280 officio
1810 2245 1916 2279 non
1943 2229 2032 2277 de-

433 2294 706 2357 futurum,
736 2294 898 2346 simul
928 2301 1093 2359 atque
1116 2295 1280 2349 dolor
1300 2304 1393 2345 aut
1417 2295 1681 2360 depulsus
1702 2303 1799 2346 aut
1817 2297 2034 2360 mitiga-

431 2370 522 2410 tus
544 2360 717 2411 foret:
758 2361 907 2427 quod
928 2375 1050 2410 eum
1084 2359 1289 2410 fecisse
1317 2377 1425 2411 non
1451 2362 1661 2412 dubito.
1731 2362 1890 2412 Nunc
1913 2376 2034 2414 cum

432 2426 543 2475 Dei
563 2426 837 2476 beneficio
861 2431 970 2475 non
998 2426 1219 2490 quidem
1252 2441 1339 2475 me
1359 2428 1522 2491 plane
1544 2428 1834 2493 reliquerit
1854 2427 2036 2487 dolor,

434 2491 535 2540 sed
556 2498 736 2541 tamen
759 2499 816 2540 et
836 2491 1066 2540 multum
1095 2491 1164 2538 de
1195 2491 1366 2554 priori
1397 2493 1703 2543 acerbitate
1737 2494 2036 2553 remiserit,

436 2562 495 2604 et
511 2556 807 2605 intervalla
824 2556 962 2604 satis
1000 2554 1196 2603 crebra
1221 2553 1446 2606 habeat:
1493 2574 1602 2607 non
1635 2557 1888 2609 differam
1922 2560 2038 2611 (liu-

434 2620 548 2669 tius
569 2617 677 2669 hoc
696 2634 791 2669 aes
813 2619 1077 2679 alienum,
1117 2633 1188 2669 ne
1207 2624 1406 2671 merito
1437 2637 1548 2673 non
1578 2625 1820 2675 rusticus
1851 2626 2038 2685 mode,
