2275 3025
455 188 548 238 102
971 186 1047 239 Μ.
1081 187 1143 236 A.
1178 184 1407 243 MQRE
1418 182 1502 235 '1⁸1

451 291 595 337 runt.
663 284 800 337 Nam
828 301 950 337 cum
979 302 1048 337 ex
1075 301 1163 337 me
1184 286 1429 354 ipsorum
1449 284 1739 351 propinqui
1761 285 2029 351 quaesiis-

452 360 601 413 sent,
639 353 770 419 quid
801 356 881 404 eis
909 355 1253 420 potissimum
1290 352 1601 403 faciendum
1617 392 1625 399 ,
1642 366 1765 401 esse
1810 367 2027 419 quaque

450 420 666 471 ratione
693 420 938 485 ipsorum
961 421 1158 471 studiis
1186 420 1391 487 optime
1419 418 1632 470 consuli
1651 432 1814 483 posse
1836 433 2027 471 cense-

448 502 588 539 rem:
610 494 802 537 auctor
820 490 901 538 eis
923 487 1022 549 fui,
1043 494 1106 538 ut
1122 486 1402 537 Lutetiam
1419 486 1648 551 primum
1668 486 1829 547 irent,
1838 485 2028 553 ibique

449 569 510 605 se
539 553 870 604 Graecarum
897 554 1207 605 litterarum
1232 560 1290 602 et
1361 550 1704 619 hilosophiae
1746 554 2027 619 magistris

449 620 832 687 recoquendos
861 621 1076 683 darent3
1113 618 1311 669 deinde
1360 634 1421 668 us
1442 620 1629 681 civile,
1659 621 1813 669 cuius
1840 620 2027 671 studio

449 687 664 738 incensi
685 694 855 747 erant,
877 700 1053 753 neque
1073 700 1303 751 usquam
1322 683 1489 735 hodie
1508 687 1613 735 nisi
1633 685 1692 735 in
1712 685 1910 748 Gallia,
1930 700 2027 737 ne-

453 768 558 821 que
573 754 634 803 in
654 752 837 803 Gallia
858 754 965 804 nisi
986 766 1020 802 a
1038 752 1284 812 Cuiacim
1298 759 1450 802 recte
1470 766 1537 802 ac
1554 766 1682 802 vere
1704 752 1844 802 disci
1860 767 2029 819 posse

453 830 754 885 sperarent.
822 818 906 870 Ita
941 820 1110 886 igitur
1122 818 1345 869 fecere:
1384 823 1442 869 et
1464 819 1612 885 quod
1637 833 1761 869 meo
1790 820 2027 871 consilio

491 886 758 946 aruerint,
797 887 906 937 sibi
925 887 1101 953 magis
1125 886 1410 952 magisque
1430 886 1487 935 in
1519 886 1639 936 dies
1666 885 2029 951 gratulantur.

505 966 575 1019 go
597 958 800 1013 autem,
827 954 1043 1014 Cuiaci‚
1072 952 1422 1003 ambitiosum
1447 951 1632 1002 fateor
1657 965 1781 1002 esse
1806 968 1922 1015 me,
1953 959 2029 1015 et,

455 1020 604 1087 quod
629 1017 982 1086 Thucydides
1008 1020 1112 1082 ait,
1143 1034 1307 1071 unum
1333 1018 1441 1071 hoc
1462 1014 1641 1073 πάθος
1670 1018 1813 1069 senii
1834 1028 2030 1086 expers

457 1100 610 1148 esse,
648 1100 780 1137 vere
800 1088 867 1138 ab
889 1102 958 1138 eo
987 1087 1218 1147 dictum,
1260 1087 1475 1137 demum
1501 1085 1774 1151 experior.
1848 1087 2031 1146 Quare

457 1168 712 1219 cuperem
726 1190 742 1216 ,
772 1169 895 1215 eos,
919 1156 1011 1221 qui
1028 1152 1165 1204 mihi
1184 1154 1293 1204 iam
1311 1154 1542 1206 >multum
1560 1168 1622 1203 se
1642 1152 1843 1203 debere
1866 1168 2033 1220 agno·

455 1224 640 1281 scunt,
677 1221 825 1285 quod
841 1221 1197 1272 indicaverim
1218 1220 1325 1272 sibi
1340 1221 1452 1271 iter
1470 1220 1540 1269 ad
1559 1218 1791 1281 fontem,
1830 1220 2033 1272 debere

457 1286 626 1337 etiam
647 1285 810 1348 mihi,
840 1288 987 1353 quod
1008 1302 1041 1337 a
1066 1293 1124 1337 te
1153 1301 1278 1337 mea
1316 1300 1482 1337 causa
1510 1286 1749 1338 libenter
1782 1288 2033 1339 videren-

454 1360 548 1403 tur
566 1354 1058 1419 exciperenturque
1079 1368 1147 1403 ea
1160 1352 1496 1405 humanitate
1516 1367 1583 1403 ac
1602 1354 1888 1415 comitate,
1926 1369 2035 1421 qua

457 1426 518 1469 tu
547 1420 802 1485 excipere
835 1434 1022 1470 omnes
1048 1420 1289 1487 ingenuo
1321 1434 1387 1470 ac
1406 1419 1624 1470 liberali
1648 1421 1932 1487 praeditos
1951 1422 2033 1473 in-

455 1485 622 1605 {⁹⁰³⁰
644 1486 814 1538 soles.
883 1486 994 1539 Sed
1011 1496 1235 1550 vereor,
1260 1500 1331 1538 ne
1348 1501 1473 1538 mea
1489 1486 1600 1538 iam
1617 1502 1745 1539 sera
1765 1502 2035 1540 commen·

497 1555 610 1605 atio
633 1554 732 1616 sit,
752 1569 891 1606 neve
909 1554 1156 1623 ipsi,qua
1170 1560 1297 1604 sunt
1318 1560 1375 1605 et
1389 1568 1603 1605 morum
1623 1562 1679 1606 et
1696 1556 1905 1624 ingenii
1924 1557 2035 1608 elc-

457 1621 662 1689 gantis⁹
675 1622 756 1672 ita
764 1627 820 1673 te
839 1622 1253 1684 iam,hominem
1270 1617 1367 1671 ὑπὸ
1388 1623 1491 1670 τῶν
1510 1617 2031 1683 τοιούτωνείύλωτον,

458 1689 730 1756 ceperint,
768 1697 830 1741 ut
864 1705 1040 1741 novae
1079 1688 1545 1740 commendationi
1579 1689 1760 1740 nullus
1797 1689 2035 1755 supersit

403 1792 411 1798 -
455 1757 631 1808 locus.
703 1756 841 1808 Peto
869 1762 1051 1809 tamen
1071 1771 1104 1807 a
1122 1762 1203 1820 te,
1236 1764 1494 1824 quantum
1511 1769 1599 1806 me
1617 1770 1788 1807 amas:
1825 1763 1881 1806 et
1897 1762 2031 1822 puto

454 1839 542 1874 me
569 1838 604 1873 a
627 1826 682 1873 te
719 1839 830 1876 non
856 1825 1162 1892 vulgariter
1186 1823 1382 1875 amari:
1419 1829 1506 1886 ut,
1546 1822 1662 1874 sive
1690 1823 1898 1891 aliquid
1928 1828 2031 1885 est,

457 1889 604 1955 quod
623 1889 754 1940 addi
769 1891 838 1940 ad
855 1896 1006 1942 tuam
1025 1905 1159 1958 erga
1177 1905 1276 1942 eos
1292 1890 1735 1942 benevolentiam
1754 1889 1955 1958 possit,
1972 1889 2033 1942 id

453 1969 580 2005 mea
605 1969 772 2005 causa
798 1957 1051 2019 adiicias;
1087 1958 1205 2008 sive
1231 1957 1313 2008 ita
1336 1957 1445 2008 iam
1468 1970 1565 2007 eos
1586 1971 1761 2020 amas,
1804 1963 1866 2008 ut
1882 1955 2033 2008 nulla

455 2021 580 2071 fieri
597 2021 776 2086 possit
795 2024 1064 2085 accessio,
1080 2024 1329 2089 reperias
1346 2023 1465 2088 ipse
1482 2029 1668 2074 tamen
1686 2030 1849 2091 atque
1870 2039 2033 2074 exco-

454 2089 599 2154 gites
627 2087 860 2153 aliquid,
906 2090 1054 2156 quod
1088 2089 1567 2140 commendatione
1614 2105 1737 2141 mea
1764 2090 2033 2142 adductus

455 2169 646 2207 eorum
673 2170 840 2206 causa
863 2155 1066 2207 fecisse
1087 2157 1349 2208 videaris.
1416 2155 1537 2223 Ego
1563 2160 1646 2218 te,
1677 2157 1890 2220 Cuiaci‚
1922 2158 2033 2208 cxi-

451 2222 560 2273 mie
582 2237 731 2284 amo,
768 2228 839 2286 et,
898 2235 1118 2275 uantum
1135 2224 1193 2273 in
1212 2237 1298 2274 me
1318 2229 1421 2285 est,
1444 2223 1625 2274 excito
1646 2221 1840 2275 horum
1862 2222 2034 2276 homi·

451 2305 579 2339 num
595 2289 874 2356 ingenia‘a
930 2289 1265 2342 evolvendos
1284 2289 1457 2340 libros
1477 2295 1603 2340 tuos
1640 2296 1695 2341 et
1730 2290 1799 2340 ad
1822 2305 2030 2358 cogno-

452 2357 709 2407 scendam
747 2356 1031 2409 doctrinae
1066 2362 1198 2408 tuae
1233 2356 1635 2422 praestantiam.
1704 2355 1786 2410 Te
1812 2371 2033 2423 quoque

452 2437 686 2489 aequum
717 2431 802 2475 est
820 2424 1028 2492 aliquid
1043 2439 1169 2476 mea
1194 2438 1358 2474 causa
1374 2421 1577 2474 facere.
1646 2422 1828 2473 Maius
1846 2426 2032 2473 autem

451 2487 639 2540 facere
663 2489 803 2543 nihil
831 2499 1017 2557 potes,
1057 2502 1221 2559 quam
1248 2489 1298 2540 si
1325 2487 1411 2540 his
1433 2490 1644 2541 duobus
1662 2487 2030 2538 adolescenti-

449 2555 555 2606 bus
583 2559 869 2621 ostendas,
894 2573 1070 2609 meam
1097 2555 1623 2609 commendationem
1651 2553 1860 2620 aliquid
1885 2552 2029 2621 apud

449 2629 509 2674 te
527 2623 732 2692 valere.
782 2623 941 2677 Vale.
962 2626 1188 2677 Romae.
1210 2639 1316 2677 vu.
1335 2620 1566 2674 Kalend.
1582 2619 1717 2672 Feb.
1736 2633 2027 2672 nnnxxxx.
