2275 3025
507 152 605 202 352
1037 151 1113 202 M.
1151 153 1212 203 A.
1248 150 1574 204 MURETI

506 251 756 318 poetices
793 249 1172 301 studiosorum
1201 249 1574 303 aemulatione
1617 249 1886 316 quasique
1925 249 2127 302 rivali-

506 324 641 380 tate,
679 322 887 367 tantam
911 319 1197 382 poetarum
1217 318 1506 368 raritatem
1526 316 1929 377 animadverto,
1973 315 2124 368 nihil

506 383 627 434 fere
648 383 798 434 aliud
819 383 1164 434 comminisci
1185 397 1429 449 possum,
1471 383 1581 432 nisi
1600 395 1726 432 esse
1752 382 2034 447 quandam
2054 390 2124 432 ut

505 457 815 502 ceterarum
834 462 1017 500 rerum
1034 485 1050 511 ‚
1090 450 1174 499 ita
1193 450 1505 500 studiorum
1525 462 1744 516 quoque
1766 450 2117 512 tempestivi-

503 523 699 578 tatem3
736 514 1009 579 statisque
1048 515 1456 581 quodammodo
1479 515 1623 567 caeli
1643 514 2114 566 conversionibus

504 581 645 643 fieri,
684 587 746 632 ut
782 581 951 632 modo
990 582 1047 632 in
1085 579 1207 644 hac,
1243 582 1412 633 modo
1442 583 1499 632 in
1528 581 1628 631 illa
1653 579 1924 630 facultate
1965 583 2110 632 certi

504 647 755 712 homines
792 653 1139 712 praestantes
1179 652 1236 699 et
1273 649 1488 714 egregii
1527 648 1786 698 existant.
1859 646 2028 706 Quod
2058 647 2108 696 si

503 721 608 775 est,
648 713 797 764 bona
814 729 943 779 spes
964 728 1052 778 me
1072 719 1245 775 tenet,
1285 713 1411 765 fore
1432 719 1492 763 ut
1509 715 1612 764 sub
1634 713 1878 763 Henrieo
1892 747 1908 774 ,
1946 712 2108 778 Rege

503 779 997 841 christianissimo,
1036 787 1298 846 tanquam
1317 781 1449 830 olim
1481 780 1584 830 sub
1605 782 1874 846 Augusto,
1908 782 2104 844 poeta-

502 861 621 896 rum
656 845 883 910 ingenia
918 847 1250 898 excitentur.
1337 847 1407 896 At
1445 845 1515 896 de
1551 844 1639 896 his
1717 845 1900 895 uidem
1942 845 2100 896 satis.

502 911 667 992 Nunc
681 918 897 976 tempus
919 918 1031 991 est,
1069 919 1133 963 ut
1161 914 1230 992 de
1265 926 1350 963 me
1379 913 1502 978 ipso
1536 913 1638 962 tibi
1707 912 1858 960 icere
1887 910 2102 978 aliquid

500 992 935 1106 33322250332
962 979 2105 1112 “axzsaesff.23¹¹:ssi‘3lzt-’.3513133'523‘13025

501 1113 643 1162 tices
666 1125 853 1162 amore
872 1109 1219 1178 flagrassem,
1262 1111 1436 1162 ntulta
1460 1113 1628 1162 etiam
1645 1111 1700 1162 in
1723 1110 1870 1160 omni
1893 1123 2100 1176 genere

504 1178 781 1238 carminis,
804 1184 1043 1239 veteres,
1065 1177 1249 1245 quoad
1271 1192 1370 1244 per
1388 1177 1536 1228 vires
1555 1178 1810 1236 licuerat,
1831 1175 2099 1237 imitatus,

504 1246 968 1308 conscripseramz
993 1259 1243 1310 quorum,
1293 1244 1442 1295 aullo
1465 1243 1728 1311 grandior
1747 1241 1949 1303 factus,
1965 1257 2100 1292 non·

504 1308 658 1360 nulla
694 1310 990 1374 tardipedi,
1032 1316 1094 1360 ιιι
1132 1311 1213 1360 ait
1299 1310 1535 1371 ati-illus,
1555 1311 1634 1374 “)
1671 1309 1797 1360 Deo
1839 1309 2098 1368 dicatam,

504 1373 773 1424 nonnulla
790 1376 1162 1439 proiecerant,
1203 1377 1471 1428 nonnulla
1490 1377 1685 1438 etiam,
1725 1381 1788 1426 ut
1807 1375 1888 1438 fit,
1931 1389 2097 1440 penes
2200 1407 2201 1426 η

506 1453 592 1493 me
614 1439 967 1490 retinueram.
1037 1441 1118 1492 Ea
1137 1443 1312 1507 igitur
1331 1459 1452 1498 cum
1474 1441 1619 1493 haud
1639 1443 1720 1494 ita
1736 1442 1952 1507 pridem
1973 1443 2098 1493 ami-

507 1506 587 1557 cis
608 1504 935 1572 quibusdam
954 1507 1112 1568 meis,
1136 1507 1336 1573 quibus
1357 1524 1465 1577 ego
1483 1509 1777 1576 plurimum
1789 1509 1854 1571 jn
1876 1506 1986 1559 hoc
2005 1522 2096 1575 ge·

504 1586 637 1625 nere
658 1572 865 1635 tribuo,
902 1576 1412 1634 communicassem,
1452 1592 1564 1627 non
1585 1578 1667 1627 eis
1687 1576 1869 1627 solum
1889 1575 1974 1627 illi
1993 1575 2097 1625 cal-

502 1641 686 1691 culum
723 1656 883 1691 suum
918 1639 1195 1702 adiecere,
1234 1656 1424 1693 verum
1465 1643 1632 1695 etiam
1669 1649 1930 1693 auctores
1969 1639 2096 1692 mihi

501 1706 743 1769 fuerunt,
763 1713 825 1757 ut
846 1706 1061 1758 edenda
1080 1723 1271 1759 eorum
1291 1708 1489 1759 saltem
1514 1709 1702 1775 aliqua
1720 1716 1874 1775 parte
1893 1708 2100 1759 iudicia

503 1771 784 1825 hominum
804 1788 875 1823 ex
914 1774 1105 1825 erirer.
1177 1777 1448 1827 Assensus
1469 1790 1617 1838 sum,
1655 1783 1718 1826 ut
1738 1776 1889 1842 quod
1913 1789 2094 1825 verum

502 1846 591 1891 est
608 1842 851 1906 ingenue
894 1846 1065 1901 atear,
1088 1856 1198 1893 non
1220 1841 1517 1893 admodum
1537 1849 1788 1908 gravate:
1808 1848 1924 1891 tum
1948 1842 2090 1907 quod

498 1919 591 1954 res
629 1920 741 1955 non
778 1918 867 1955 ma
908 1906 965 1955 ni
1002 1907 1237 1971 periculi
1273 1908 1573 1970 videretur,
1609 1915 1724 1959 tum
1751 1908 1900 1974 quod
1927 1906 2094 1973 facile

494 1970 853 2031 confiderem,
900 1985 997 2021 ore
1018 1988 1133 2035 me,
1156 1974 1208 2025 si
1228 1989 1363 2036 non,
1386 1981 1448 2024 ut
1464 1975 1546 2025 ait
1564 1974 1978 2036 Horatius,¹‘**)
2000 1986 2089 2024 ex-

493 2043 727 2085 tremum
747 2037 1072 2101 primorum,
1096 2049 1156 2093 at
1173 2046 1326 2091 certe
1346 2041 1611 2091 extremis
1631 2055 1804 2108 unque
1819 2041 2089 2107 priorem.

495 2101 816 2153 subsecivis
860 2103 1034 2170 igitur
1065 2104 1220 2157 horis
1248 2106 1477 2173 aliquod
1513 2104 1651 2157 mihi
1686 2106 2088 2173 tempusculum

492 2183 527 2219 a
547 2166 933 2237 philosophiae
955 2176 1014 2221 et
1032 2171 1170 2223 iuris
1191 2172 1373 2225 civilis
1392 2172 1879 2239 praelectionibus,
1893 2171 2088 2237 quibus

491 2236 717 2287 assidue
738 2243 1042 2303 occupatus
1064 2237 1366 2301 distineor,
1395 2240 1466 2290 ad
1487 2238 1624 2290 haec
1645 2237 2011 2293 exscribenda
2029 2244 2088 2289 et

489 2301 549 2353 in
576 2302 827 2355 ordinem
864 2312 1140 2369 utcunque
1169 2305 1476 2371 redigenda
1493 2306 1690 2369 sumsi3
1729 2320 1852 2357 nam
1892 2318 1990 2369 per
2029 2318 2088 2357 o·

488 2366 595 2423 lire
634 2375 693 2418 et
728 2369 921 2419 limare
960 2370 1276 2421 accuratius
1306 2386 1493 2438 neque
1511 2383 1847 2443 magnopere
1879 2369 1990 2420 libe·
2031 2378 2090 2422 at

488 2446 675 2498 neque.
688 2448 790 2494 per
808 2450 925 2498 eas,
940 2450 1081 2501 quas
1102 2434 1269 2491 modo
1288 2438 1424 2493 dixi.
1450 2437 1844 2503 occupationes
1865 2435 2087 2489 licebat.
2191 2514 2193 2519 .

542 2536 585 2613 :2
611 2532 682 2580 ’ΒΕ
701 2534 865 2593 ‹init-n·
882 2538 1073 2579 &nal-iv·
1132 2533 1258 2587 rint.
1273 2530 1337 2586 ²de
1357 2540 1484 2587 edint.
1504 2545 1583 2589 lib.
1604 2559 1644 2589 c.
1664 2547 1707 2587 ὅ.
1725 2545 1788 2589 in.

542 2588 628 2696 ···)·)
636 2592 807 2698 Ἕὶιῖἑι.
825 2644 890 2688 11.
910 2650 953 2689 ι.
971 2652 1067 2693 2⁰4.
