2275 3025
586 137 852 191 EPIST.
888 139 1044 193 LIB.
1080 140 1188 192 111.
1225 140 1350 193 ΕΡ.
1385 140 1486 193 LI.
1747 139 1848 192 269

244 251 332 288 co.
406 237 466 289 si
490 241 665 304 quise
686 242 869 292 sciens
889 239 1184 301 fefellerit,
1211 255 1398 291 secum
1429 247 1578 308 agat.
1647 241 1846 294 Editus

244 310 332 355 est
352 303 517 356 ethic
551 319 726 370 nuper
764 307 909 356 liber
948 305 1304 372 hymnorum,
1342 322 1481 373 quos
1521 307 1654 358 olim
1689 310 1848 361 iussu

245 370 509 422 Gulielmi
545 371 719 422 Ducis
754 373 1018 424 Mantuae
1068 375 1429 438 scripseram,
1482 381 1678 424 auctus
1723 389 1846 426 sex-

242 441 531 487 centorum
572 438 806 502 amplius
837 453 1093 489 versuum
1126 440 1469 490 accessione.
1539 440 1702 491 Hunc
1721 442 1842 492 scio

242 503 313 552 ad
334 509 389 552 tc
410 503 479 552 ab
499 503 799 554 Heliconio
838 507 1067 556 missum
1104 519 1251 556 esse.
1323 505 1432 557 Sed
1474 506 1636 555 nimis
1668 507 1846 558 multa

245 568 313 618 de
333 570 512 636 nugis.
583 569 755 621 Vicus
788 571 1011 651 quidam
1042 578 1130 622 est
1160 572 1219 622 in
1247 571 1495 622 dioecesi
1515 579 1630 633 tua,
1669 573 1764 639 qui
1784 571 1839 624 S.

243 633 455 686 Luciae
474 636 694 688 dicitur.
766 637 899 692 Eius
921 638 1030 688 vici
1054 638 1272 703 plebem
1293 638 1389 704 qui
1408 638 1641 704 regebat
1661 653 1843 689 sacer-

244 702 369 762 dos,
390 702 683 754 Caesarius
704 704 943 766 nomine,
966 705 1220 769 proximo
1243 704 1522 770 superiori
1542 718 1730 754 mense
1751 719 1844 756 ex-

242 768 415 818 cessit
435 783 465 818 e
484 767 614 818 vita.
681 768 743 818 ln
764 769 881 820 eius
912 769 1097 820 locum
1137 785 1200 820 se
1239 770 1500 820 substitui
1538 773 1690 836 cupit
1708 769 1846 822 Ves-

241 835 504 900 pasianus
519 833 747 885 Coletta
800 836 1087 902 resbyter‚
1127 835 1224 902 qui
1250 834 1350 887 has
1369 837 1472 886 tibi
1494 835 1712 887 litteras
1731 843 1844 890 tra-

243 899 355 950 det.
430 900 538 960 Qui
558 913 681 952 cum
700 903 774 952 mi
815 902 834 951 i
854 904 1055 954 ab-uno
1076 917 1108 953 e
1128 904 1360 953 summis
1381 903 1574 956 amicis
1594 903 1735 954 meis
1753 918 1844 956 ac-

242 966 591 1018 curatissime
613 968 1029 1020 commendatus
1052 974 1232 1030 esset,
1262 967 1548 1035 profectus
1578 971 1698 1020 su'm
1721 971 1843 1022 eius

242 1047 415 1085 causa
432 1031 693 1084 hesterno
734 1034 823 1084 die
862 1035 934 1086 ad
970 1034 1260 1084 Datarium
1301 1035 1501 1086 summi
1533 1034 1844 1100 pontilicis,

242 1099 391 1165 apud
429 1114 590 1164 quem
627 1106 761 1164 puto
790 1107 848 1151 te
883 1101 1047 1161 scire,
1088 1115 1176 1150 me
1197 1100 1408 1166 aliquid
1428 1115 1614 1166 posse.
1685 1101 1738 1154 Is
1757 1117 1843 1154 re-

241 1165 487 1230 spondit,
526 1181 837 1231 quanquam
872 1167 1080 1218 mensis
1118 1167 1218 1218 ille
1254 1167 1574 1232 pontificius
1595 1167 1685 1229 sit,
1724 1175 1843 1219 tua?

241 1238 568 1298 rumsamen
626 1234 829 1284 artium
847 1247 995 1294 esse,
1030 1234 1314 1300 inquirere
1333 1233 1391 1284 in
1411 1248 1538 1295 eos,
1575 1236 1668 1300 qui
1689 1249 1750 1285 se
1772 1234 1844 1288 ad

242 1298 302 1350 id
321 1313 514 1350 munus
536 1313 569 1348 a
609 1299 751 1350 mitti
770 1299 1140 1366 postularent,
1161 1306 1220 1350 et
1238 1301 1306 1352 de
1329 1314 1520 1350 eorum
1543 1301 1840 1365 natalibus,

242 1365 507 1426 moribus,
533 1363 788 1419 doctrina
803 1367 1085 1430 iudicare;
1164 1381 1287 1418 uem
1308 1373 1370 1417 tu
1387 1367 1710 1421 testimonio
1740 1375 1838 1423 tuo

246 1430 687 1496 comprobasses,
706 1433 762 1484 ei
780 1433 1109 1502 beneficium
1128 1436 1150 1484 i
1176 1433 1270 1485 lud
1290 1434 1554 1486 tributum
1572 1433 1660 1484 iri:
1683 1433 1842 1486 Nunc

248 1511 354 1564 ego
375 1496 514 1549 illud
533 1514 568 1549 a
588 1505 665 1560 te,
696 1500 984 1553 Constanti
1006 1498 1399 1553 humanissime
1429 1501 1687 1567 omnique
1729 1501 1842 1555 cule

245 1570 303 1615 tu
348 1571 512 1629 atque
554 1565 907 1617 observantia
944 1566 1296 1632 dignissime,
1343 1567 1593 1631 postulo,
1643 1568 1694 1617 si
1731 1565 1842 1631 hic,

146 1632 154 1639 '
246 1644 411 1699 quem
430 1631 578 1692 dico,
599 1630 973 1696 Vespasianus
994 1632 1233 1681 idoneus
1258 1631 1536 1683 videbitur
1560 1632 1630 1681 ad
1650 1631 1709 1681 id
1728 1649 1843 1683 mu·

248 1714 353 1747 nus
375 1696 781 1757 sustinendum,
819 1702 883 1747 ut
908 1697 963 1746 ei
988 1697 1202 1761 potius,
1239 1710 1402 1762 quam
1438 1698 1704 1763 cuiquam
1731 1698 1847 1761 alii,

249 1776 377 1814 mea
413 1775 582 1811 causa
618 1762 1041 1827 gratificandum
1077 1768 1256 1826 putes.
1327 1760 1380 1811 ls
1419 1764 1512 1828 qui
1540 1760 1674 1813 mihi
1724 1779 1850 1815 eum

252 1826 677 1888 commendavit,
699 1828 779 1877 ita
796 1826 932 1878 mihi
950 1827 1162 1879 amicus
1183 1832 1269 1877 est
1291 1834 1352 1877 ut
1375 1828 1464 1893 qui
1485 1828 1752 1892 maxime,
1793 1839 1853 1881 et
1927 1842 1936 1851 ·

254 1908 364 1960 ego
386 1907 555 1958 saepe
574 1896 627 1944 ei
650 1893 793 1955 dixi,
830 1894 912 1945 ita
929 1900 984 1945 te
1004 1892 1137 1943 mihi
1167 1894 1404 1945 amicum
1421 1909 1574 1958 esse,
1613 1904 1676 1946 ut
1712 1894 1854 1949 nihil

254 1974 440 2027 supra.
514 1958 575 2010 Si
602 1974 737 2025 ergo
766 1965 823 2011 te
852 1959 979 2011 huic
1016 1959 1228 2012 homini
1265 1960 1458 2014 durum
1485 1976 1551 2013 ac
1571 1962 1852 2015 difficilem

253 2028 545 2093 praebeas,
581 2027 879 2081 verendum
900 2028 1027 2088 erit,
1052 2042 1133 2077 ne
1173 2041 1280 2093 ego
1313 2034 1408 2079 aut
1437 2034 1727 2095 tantopere
1751 2030 1850 2081 abs

254 2100 311 2144 te
337 2093 509 2143 amari
542 2098 635 2145 aut
648 2094 827 2145 minus
848 2093 1147 2159 diligenter
1167 2108 1292 2145 eum
1311 2095 1411 2145 tibi
1436 2095 1852 2147 commendasse

254 2160 467 2220 videar,
507 2174 667 2225 quam
688 2174 775 2210 me
812 2159 1085 2211 facturum
1108 2162 1318 2226 recepit
1358 2176 1590 2227 quorum
1618 2161 1854 2211 alterum

257 2225 511 2285 vanitati,
532 2226 766 2277 alterum
785 2226 1051 2292 perfidiae
1078 2227 1504 2278 adscriberetur.
1578 2227 1854 2287 Quantum

256 2293 432 2359 igitur
452 2291 767 2357 plurimu-m,
806 2292 961 2343 salva
988 2293 1095 2343 fide
1124 2307 1188 2343 ae
1219 2296 1435 2343 ratione
1459 2293 1650 2352 officii,
1689 2292 1771 2342 illi
1795 2299 1854 2344 te

257 2360 506 2409 tribuere
529 2370 695 2425 posse
712 2365 951 2419 statues,
987 2366 1200 2411 tantum
1220 2359 1524 2419 attribuas,
1565 2356 1854 2420 vehemen-

257 2433 347 2475 ter
366 2438 401 2474 a
420 2426 665 2477 tectiam
688 2431 853 2491 atque
874 2425 1039 2483 etiam
1059 2433 1210 2492 peto.
1279 2425 1498 2475 Interea
1516 2426 1676 2476 mitto
1705 2423 1778 2474 ad
1797 2430 1854 2476 te

210 2508 217 2517 ·
258 2492 641 2542 munusculum
661 2494 881 2557 utrique
902 2499 1152 2546 nostrum
1173 2490 1854 2557 conveniens,-imaginem

260 2556 390 2607 lesu
410 2556 615 2608 Christi
638 2559 693 2608 in
716 2572 877 2608 cruce
908 2558 1111 2617 suffixi,
1153 2572 1186 2607 a
1215 2558 1688 2623 praestantissimo
1724 2558 1856 2607 arti-

263 2624 367 2673 fice
387 2638 598 2675 summo
620 2624 857 2675 artificio
876 2623 1232 2675 elaboratam.
1283 2624 1416 2692 Eius
1435 2622 1701 2695 adspectu
1723 2638 1856 2691 quo·
