2275 3025
466 131 568 180 284
894 93 907 104 ’
1000 129 1079 180 M:
1117 128 1180 180 A.
1214 125 1536 180 MURE'H

468 230 739 281 bonorum
759 229 1001 280 omnium
1025 227 1230 296 gaudio
1267 225 1632 278 Cardinalitia
1667 225 1943 294 dignitate
1972 227 2074 280 de-

468 304 693 348 coratus
712 297 951 346 reditum
970 297 1117 348 istuc
1143 301 1384 360 pararet,
1415 293 1764 344 scribendum
1782 293 1918 344 mihi
1941 309 2075 347 esse

470 361 541 414 ad
560 362 912 414 Maiestatem
932 368 1082 412 tuam
1116 362 1273 412 duxit
1312 363 1542 427 primum
1563 365 1624 409 ut
1648 360 1992 410 immortales
2015 361 2076 412 ei

470 430 677 495 gratias
702 443 961 494 agerem,
994 429 1144 493 quod
1176 441 1300 477 eum
1333 425 1469 476 mihi
1496 425 1763 476 honorem
1789 424 2074 490 habuerit,

470 496 627 545 cuius
648 509 756 560 ego
776 495 823 544 si
844 493 1013 544 ullam
1042 509 1277 560 unquam
1304 499 1516 558 partem
1547 493 1855 556 promereri
1873 499 2074 559 potue-

468 576 553 622 ro,
574 561 860 625 praeclare
880 575 1094 611 meeum
1113 566 1296 610 aetum
1316 571 1445 608 esse
1473 559 1824 610 existimabo.
1895 558 2071 609 Dein·

470 627 539 677 de
559 633 619 676 ut
640 627 694 676 ei
714 627 978 692 gratuler,
998 627 1147 691 quod
1176 640 1207 675 e
1235 626 1361 675 sinu
1381 640 1448 675 ae
1475 625 1767 691 complexu
1787 640 1888 675 suo
1909 629 2074 676 tanta

470 708 536 744 ae
555 700 665 742 tam
686 691 1160 742 commemorabili
1181 693 1384 742 virtute
1403 691 1712 757 praeditum
1739 689 2068 742 adolescen-

470 766 581 810 tem
618 757 725 807 huc
758 759 993 807 miserit.
1081 758 1192 819 Qui
1229 760 1311 809 ita
1347 771 1408 808 se
1446 763 1712 824 perpetuo
1801 757 1965 817 essit,
2003 763 2072 808 ut

469 823 764 876 sanctitate
801 824 971 883 vitae,
1010 825 1221 889 pietate
1258 825 1314 874 in
1349 823 1571 886 Deum&
1595 824 1743 875 muni
1786 823 1972 873 centia
2004 825 2068 874 in

470 903 700 1005 οἱοηοε,
723 893 984 941 comitate
1007 895 1063 940 et
1084 889 1414 941 affabilitate
1435 905 1571 956 erga
1591 905 1798 952 omnes,
1820 889 2066 948 omnium

468 956 520 1006 si
557 955 576 1007 i
600 970 953 1018 summorum,
978 957 1288 1010 infimorum
1309 957 1495 1007 studia
1525 955 1946 1022 voluntatesque
1969 955 2066 1006 de-

468 1022 737 1072 vinxerit:
777 1023 858 1071 ita
876 1026 938 1071 ut
959 1022 1068 1072 dici
1090 1023 1181 1072 vix
1200 1023 1396 1088 possit,
1416 1023 1674 1072 universa
1693 1020 1830 1073 haee
1864 1022 2066 1072 civitas

470 1088 647 1155 magis
667 1089 818 1139 illius
840 1086 1053 1140 honore
1075 1088 1285 1138 laetata
1305 1089 1395 1148 sit,
1417 1103 1484 1138 an
1506 1087 1660 1137 abitu
1680 1087 1886 1139 doleat.
1943 1086 2066 1138 Nos

474 1153 581 1216 hie,
603 1154 957 1204 serenissime
977 1155 1123 1216 Rex,
1144 1155 1318 1204 multa
1355 1154 1422 1204 de
1459 1153 1572 1204 tuis
1596 1154 1654 1203 in
1688 1155 1833 1203 omni
1857 1167 2064 1220 genere

473 1220 634 1284 plane
654 1221 829 1285 regiis
849 1220 1162 1281 virtutibus,
1205 1221 1384 1285 deque
1411 1220 1502 1280 iis,
1533 1234 1674 1284 quae
1694 1234 1729 1269 a
1746 1226 1802 1269 te
1823 1219 2064 1270 fortissi-

471 1300 560 1336 me
581 1291 638 1336 et
657 1285 981 1336 felicissime
1010 1291 1301 1350 geruntur,
1340 1286 1563 1336 assidue
1589 1285 1860 1338 audimus.
1931 1285 2066 1346 Qui-

471 1349 575 1400 bus
601 1365 669 1399 eo
691 1365 781 1398 res
802 1351 1071 1415 perducta
1090 1358 1194 1411 est,
1230 1356 1296 1401 >ut
1328 1352 1545 1402 unicum
1578 1365 1702 1402 esse
1725 1358 1780 1402 te
1803 1351 1968 1403 hodie
1989 1352 2063 1402 vi·

472 1429 599 1464 vum
620 1429 687 1464 ae
706 1416 921 1480 spirans
942 1414 1178 1481 perfecti
1217 1417 1387 1482 Regis
1415 1419 1723 1482 exemplum
1753 1433 1824 1468 ne
1844 1417 1928 1470 illi
1947 1417 2067 1485 qui-

476 1479 601 1531 dem
618 1483 729 1531 iam
749 1495 954 1548 negare
984 1479 1250 1545 audeant,
1294 1483 1389 1549 qui
1427 1483 1494 1534 de
1533 1485 1803 1551 principio
1831 1498 1894 1535 re
1972 1497 2067 1538 are

478 1556 532 1599 te
554 1563 665 1599 non
703 1549 839 1599 satis
868 1562 1045 1613 aequo
1074 1547 1334 1599 fortassis
1361 1552 1542 1601 animo
1575 1551 1845 1601 ferebant.
1971 1566 2067 1601 eus

478 1616 717 1681 optimus
772 1615 1041 1666 maximus
1095 1614 1449 1667 Maiestatem
1503 1623 1651 1667 tuam
1711 1618 1974 1683 quotidie·
2008 1618 2067 1667 in

477 1682 654 1733 maius
676 1697 741 1733 ac
758 1682 955 1732 melius
992 1680 1264 1748 provehat
1303 1698 1531 1749 eamque
1548 1689 1788 1734 mentem
1809 1684 2072 1734 immittat

477 1750 680 1799 ceteris
730 1750 987 1814 regibus,
1046 1754 1108 1799 ut
1152 1750 1374 1804 tandem
1421 1748 1720 1815 aliquando
1759 1750 2071 1816 exemplum

476 1816 651 1880 ipsius
675 1816 873 1875 secuti,
886 1814 957 1865 ad
979 1814 1462 1867 remChristianam
1483 1816 1982 1866 constabiliendam
2011 1824 2074 1865 et

478 1880 549 1930 ad
569 1878 761 1930 hostes
795 1880 948 1931 illius
969 1882 1412 1948 comprimendos
1449 1882 1660 1947 potius,
1703 1897 1865 1948 quam
1884 1881 1955 1931 ad
1977 1895 2069 1931 ex-

475 1945 706 2009 plendas
717 1960 838 1996 eum
857 1945 1008 2011 publi
1014 1962 1081 1997 ea
1092 1949 1336 2013 pernicie
1347 1948 1676 2014 cupiditates
1685 1963 1814 1999 suas
1828 1948 2072 1999 animum

476 2010 795 2078 adiungant.
866 2012 1092 2063 Romae.
1115 2028 1222 2065 vu.
1242 2014 1366 2067 Kal.
1387 2017 1614 2081 August.
1637 2028 1967 2067 unuxxxtv·

577 2298 773 2351 Lxlv.
808 2300 1306 2355 HERMANNUS
1357 2300 1968 2354 ORTEMBERGUS

412 2420 417 2427 ·
480 2396 537 2433 u.
590 2397 881 2435 Awronto
935 2398 1205 2435 HURETO
1258 2398 1298 2434 Ι.
1355 2398 1404 2435 0.
1459 2398 1544 2436 ΕΤ
1599 2399 1648 2437 0.
1702 2397 1969 2439 ROMANO
2015 2396 2066 2433 8.

556 2448 738 2541 Quod
752 2488 832 2531 est
854 2496 1026 2533 meum
1055 2497 1189 2549 erga
1237 2488 1287 2531 te
1317 2482 1545 2533 studium
1585 2491 1641 2533 et
1657 2482 1918 2549 officium,
1940 2478 2079 2531 m'ht'l

482 2558 649 2609 aeque
664 2544 799 2596 milas·
813 2562 976 2597 curae
996 2555 1097 2606 eet,
1141 2555 1302 2612 atque
1329 2564 1386 2597 re
1405 2548 1429 2597 i
1462 2564 1523 2599 aa
1554 2549 1852 2610 ostendere,
1885 2545 2080 2614 quanti

482 2608 772 2677 tesceiam.
844 2609 1034 2676 Itaque
1074 2610 1164 2661 diu
1184 2612 1372 2663 anxius
1395 2563 1509 2681 ἦῆ,
1553 2630 1779 2679 quonam
1797 2610 2076 2682 pac-tofa·

1787 2944 1824 2954 .,.
1835 2903 2228 2954 „nm
