2275 3025
627 137 890 191 EPIST.
928 138 1089 190 LIB.·
1124 141 1204 192 11.
1247 143 1367 195 ΕΡ.
1405 144 1476 194 X.
1761 145 1857 197 1⁴13

238 242 435 308 tiquae
467 238 620 290 illius
641 239 924 290 Romanae
946 243 1221 294 orationis
1244 257 1577 310 agnoscere:
1613 246 1857 312 reperio,

242 307 374 359 huic
394 321 618 374 quoque
656 308 802 358 malo
824 321 921 358 eas
936 343 950 368 ,
990 324 1127 376 quas
1149 317 1278 360 ante
1301 311 1442 373 dixi,
1483 312 1716 362 subesse
1736 327 1860 363 cau-

242 390 355 434 sas.
433 372 681 424 Primum
720 375 801 425 ita
838 377 1055 442 agresti
1084 376 1303 444 aliquot
1334 378 1562 444 ingenio
1593 379 1860 443 reperias,

244 449 335 504 ut,
356 455 500 508 quae
520 442 579 490 in
598 440 857 494 facienda
876 444 1298 510 excolendaque
1331 445 1586 494 oratione
1609 446 1861 506 sumitur,

246 523 466 560 omnem
490 507 674 574 perire
700 523 925 588 operam
947 517 1168 576 putent=
1205 511 1374 570 alios,
1397 512 1510 578 qui,
1535 511 1783 576 quamvis
1805 510 1862 562 in

246 581 445 628 ornate
482 575 749 640 loquendi
775 576 995 627 ratione
1020 578 1268 628 studium
1300 579 1616 643 ponendum
1637 593 1748 628 non
1771 590 1861 628 ne·

246 649 407 722 gent,
447 656 559 692 non
579 641 637 692 in
659 641 864 694 Latina
888 643 947 693 id
976 650 1162 696 tamen
1185 644 1482 696 Graecave
1513 645 1730 712 lingua,
1760 643 1862 694 sed

246 725 305 758 m
326 723 411 770 ea,
427 721 537 774 qua
554 709 652 760 vul
694 724 727 760 o
750 710 1109 772 utimurstieri
1128 718 1397 762 censeant
1417 719 1698 779 oportere.
1771 710 1863 761 At·

249 790 357 842 que
384 775 521 826 illos
548 776 641 842 qui
687 779 993 828 em'merito
1015 779 1198 844 possit
1217 779 1479 845 quilibet,
1521 787 1583 830 ut
1610 783 1861 830 amentes

249 843 475 908 aliquos
504 842 897 910 stupidusque,
926 850 1312 908 contemnere3
1351 844 1548 897 horum
1577 860 1709 896 vero
1742 859 1862 912 per·

250 923 417 960 versa
442 910 630 974 opinio
658 911 740 960 ita
771 913 883 962 iam
921 925 1022 977 per
1065 927 1284 962 omnem
1315 911 1531 964 ltaliam
1563 927 1732 980 perra
1773 919 1865 962 ata

248 976 520 1043 quasique
560 979 939 1041 proseminata
978 984 1092 1039 est,
1134 985 1200 1029 ut
1219 979 1543 1030 innumeros
1572 993 1739 1047 praec
1763 992 1862 1028 aro

246 1045 483 1094 iuvenes
520 1043 749 1110 ingenio
771 1059 810 1094 a⁴
830 1044 1021 1096 studio
1060 1059 1252 1096 earum
1281 1045 1623 1114 linguarum,
1664 1044 1863 1113 quibus

251 1111 433 1161 omnis
458 1107 789 1173 humanitas,
812 1113 993 1162 omnis
1012 1111 1273 1162 doctrina
1293 1113 1544 1179 elegans,
1569 1111 1749 1162 omnis
1770 1126 1863 1161 an-
1895 1155 1904 1166 ‚

248 1177 528 1244 tiquitatis
552 1179 825 1230 memoria
840 1179 1180 1242 continetur,
1202 1178 1516 1238 abduxerit,
1533 1178 1864 1245 periculum-

251 1259 361 1310 que
382 1257 551 1310 porro
570 1243 675 1306 sit,
706 1260 805 1308 ne,
836 1248 887 1298 si
906 1244 1015 1298 hoc
1032 1246 1240 1297 malum
1267 1245 1488 1298 radices
1520 1253 1677 1313 agat,
1721 1259 1864 1312 quae

251 1325 473 1377 semper
500 1313 727 1379 propria
748 1313 1015 1366 {talorum
1037 1313 1162 1364 laus
1181 1313 1322 1377 fuit,
1367 1321 1430 1365 ut
1449 1314 1560 1365 soli
1599 1328 1668 1364 ex
1691 1313 1864 1364 omni-

248 1377 354 1429 bus
416 1376 621 1430 Latina
684 1383 943 1432 oratione
995 1382 1177 1446 perite
1225 1397 1292 1432 ac
1341 1383 1588 1433 scienter
1644 1387 1864 1431 uteren-

248 1449 359 1506 tur,
380 1460 522 1507 eam,
544 1449 641 1513 qui
660 1450 989 1511 sustineant,
1014 1463 1121 1499 non
1146 1449 1304 1499 multi
1326 1451 1382 1500 in
1405 1449 1567 1499 ltalia
1586 1463 1646 1499 re
1687 1450 1866 1499 erian-

249 1518 359 1563 tur.
428 1514 677 1566 Alterum
704 1517 899 1567 vitium
920 1522 1029 1577 est,
1068 1532 1180 1583 que
1201 1516 1532 1581 transalpini
1569 1532 1662 1566 mu
1687 1518 1732 1565 ti
1763 1514 1866 1577 (fa-

250 1580 483 1631 tendum
504 1582 652 1631 enim
684 1587 795 1645 est)
818 1583 1164 1633 laboramus=
1219 1582 1394 1647 quod,
1425 1596 1548 1632 cum
1583 1583 1640 1631 in
1677 1582 1864 1631 Latini

252 1647 529 1700 sermonis
553 1648 835 1715 elegantia
854 1647 1136 1699 excellere
1158 1646 1446 1715 pulchrum
1461 1653 1739 1711 putemus,
1757 1662 1866 1696 non

251 1718 437 1764 tamen
458 1714 578 1765 fere
600 1715 868 1765 callemus
883 1750 899 1774 ‚
928 1728 1039 1780 quo
1062 1712 1133 1762 ad
1155 1727 1278 1763 eam
1297 1714 1504 1763 itinere
1525 1713 1864 1764 contendere

254 1787 541 1847 oporteat3
612 1783 803 1847 itaque
842 1779 915 1829 de
974 1780 1186 1829 nostris
1234 1780 1531 1844 pauciores
1577 1778 1864 1843 hactenus,

250 1862 413 1913 qnam
442 1847 676 1906 vellem,
711 1842 1077 1907 exstiterunt,
1106 1846 1202 1911 qui
1232 1860 1294 1896 se
1315 1846 1384 1897 ad
1407 1846 1727 1910 Ciceronis,
1757 1849 1864 1899 Te·

251 1914 453 1975 rentii,
484 1912 745 1963 Caesaris
766 1910 1139 1962 imitationem
1169 1921 1586 1981 componerent.
1657 1914 1864 1967 Pervo-

250 1980 507 2031 lutabant
523 1980 644 2029 sine
669 1979 787 2029 ullo
808 1978 1129 2029 discrimine
1151 1994 1342 2031 omnes
1365 1984 1606 2033 omnium
1629 1984 1864 2050 scripto-

252 2061 375 2097 rum
397 2047 593 2105 libros,
608 2050 667 2095 et
687 2060 756 2097 ex
776 2048 1020 2097 omnium
1040 2048 1436 2099 commixtione
1458 2051 1669 2100 varium
1692 2048 1866 2116 quod-

256 2113 385 2162 dam
418 2119 475 2162 et
494 2110 838 2163 multiforme
858 2126 965 2180 pro
984 2128 1091 2165 suo
1111 2116 1346 2181 quisque
1386 2118 1616 2184 ingenio
1643 2113 1863 2167 dicendi

254 2192 434 2246 genus
464 2178 1174 2249 effingebanttepulchrique
1203 2182 1311 2233 sibi
1334 2197 1400 2233 ac
1419 2183 1570 2235 beati
1605 2183 1865 2234 videban-

250 2252 362 2308 tur,
404 2244 453 2295 si
476 2258 597 2295 eam
618 2255 1095 2315 consequerentur
1128 2248 1482 2312 facultatem,
1510 2257 1583 2305 ‚ut
1605 2250 1674 2300 de
1699 2249 1866 2300 rebus

251 2312 563 2381 propositis
586 2312 757 2364 verba
775 2313 1011 2367 fundere
1032 2318 1310 2397 animique
1343 2318 1428 2368 sui
1441 2330 1650 2367 sensus
1692 2313 1866 2382 quali-

246 2394 466 2500 ar‘ffi‘
498 2380 1027 2499 affitssss'ffifffflffl
1056 2382 1127 2500 τ’
1329 2382 1862 2500 {2155‘522’0222322

248 2520 305 2564 te
318 2462 517 2566 fiatiiie
538 2464 1139 2582 mquemnt'ssnffiffiuog
1153 2462 1862 2581 gugndssemtffitineelxffilui’)

248 2580 593 2644 innumeros,
633 2584 725 2649 qui
753 2584 896 2635 bene
924 2598 991 2634 ac
1021 2584 1261 2643 diserte,
1287 2584 1384 2631 vix
1411 2596 1578 2631 unum
1606 2587 1704 2630 aut
1727 2580 1865 2629 alte-

248 2662 367 2699 rum
391 2648 538 2703 haud
558 2651 641 2703 ita
668 2651 882 2719 pridem
911 2651 1164 2719 reperire
1182 2649 1485 2715 potuisses.
1558 2644 1699 2698 Nam
1724 2643 1861 2694 illud

286 2812 315 2831 Q
