2275 3025
488 148 588 201 336
650 204 656 211 .
1020 145 1096 196 Μ.
1134 147 1196 197 A.
1233 146 1547 198 ΜυιιΕΤι

486 260 656 315 agere
676 243 974 307 voluisset,
995 244 1298 297 verendum
1319 252 1465 308 erat,
1486 261 1555 297 ne
1577 246 1908 312 suspiciosis
1929 246 2118 301 homi-

488 314 649 365 nibus
692 319 749 364 et
778 313 965 363 onmia
990 312 1058 362 ad
1089 312 1426 367 deteriorem
1457 320 1666 379 partem
1693 314 2114 379 accipientibus

487 386 745 431 non·tam
785 379 1105 445 probandae
1143 378 1455 429 industriae
1492 394 1648 439 suae,
1688 394 1852 445 quam
1877 380 2113 432 alienae

489 446 887 516 vituperandae
916 445 1109 495 studio
1126 444 1198 495 ad
1219 459 1290 495 eu
1307 445 1711 496 conscribenda
1729 446 2010 499 adductus
2031 450 2113 498 vi·

469 512 734 563 deretur.
802 511 1032 562 Modum
1059 512 1234 577 igitur
1265 512 1447 561 tenuit
1471 518 1571 562 aut
1600 512 1790 576 potius
1817 513 1970 563 intra
1986 529 2110 565 mo·

490 580 619 631 dum
643 578 915 638 constitit,
958 582 1015 627 et
1035 577 1340 645 propositis
1361 580 1574 655 paucis,
1602 578 1673 628 de
1699 578 1905 629 ceteris
1927 578 2108 629 leeto-

490 660 582 696 res
602 644 785 695 voluit
808 644 1110 710 suspicari3
1139 658 1322 709 neque
1345 643 1452 693 sibi
1474 646 1746 695 maiorem
1765 644 2107 707 eruditionis

400 729 408 737 ⁴
492 718 551 762 et
569 711 667 762 dili
714 711 898 762 entiae
916 747 949 771 ,.
973 722 1137 775 quam
1168 710 1399 777 pudoris
1420 716 1478 760 et
1494 710 1806 761 modestiae
1827 711 2106 761 rationem

491 726 801 827 habenfiam
841 790 977 826 esse·
1006 777 1182 826 duxit.
1255 776 1440 837 Quare
1479 791 1602 827 cum
1640 776 1943 828 Lambinus
1978 778 2107 843 ipse

495 842 646 894 omni
684 842 847 893 laude
889 852 1056 907 atque
1093 842 1245 893 omni
1283 842 1701 909 praedicatione
1741 844 1944 907 dignus
1993 852 2103 903 est,

412 917 423 923 ’
490 916 607 960 tum
633 908 965 959 Franciscus
998 908 1348 970 Tui-nonius,
1387 908 1792 960 Sacrosanctae
1817 910 2108 961 Romanae

494 972 771 1027 ecclesiae
796 974 1107 1025 Cardinalis
1127 975 1502 1042 amplissimus
1517 1010 1534 1036 ,
1576 976 1733 1025 cuius
1752 976 2104 1041 benignitate

492 1041 751 1094 Lambini
790 1041 976 1092 studia
1014 1039 1300 1101 foventur,
1339 1041 1507 1108 longe
1549 1039 1941 1107 dignissimus,
1995 1056 2101 1107 pro

493 1109 653 1160 cuius
674 1108 854 1159 salute
876 1114 933 1158 et
952 1106 1338 1158 incolumitate
1357 1143 1374 1169 ,
1412 1109 1726 1173 quicunque
1755 1107 1896 1159 haec
1917 1109 2106 1160 studia

496 1175 761 1235 colimus,
802 1174 1027 1226 assidue
1062 1180 1196 1224 vota
1228 1172 1521 1224 faciamus.
1594 1174 1758 1235 Quod
1797 1176 2006 1225 utinam
2045 1186 2103 1225 et

496 1243 671 1293 ceteri
709 1240 1051 1306 temporibus
1088 1240 1300 1291 nostris
1338 1241 1620 1306 principes
1657 1242 1762 1292 viri
1791 1240 2102 1307 exemplum

458 1348 465 1355 .
496 1308 647 1358 illius
667 1307 723 1355 in
745 1307 960 1356 alendis
980 1304 1340 1356 honestarum
1363 1307 1565 1357 artium
1587 1305 1903 1359 hominibus
1922 1307 2102 1358 imita-

494 1378 709 1431 rentur3
750 1378 806 1420 et
836 1374 928 1435 qui
962 1385 1154 1421 eorum
1183 1374 1384 1437 opibus
1410 1371 1699 1434 foventur,
1739 1374 1915 1425 otium
1941 1388 2102 1425 suum

496 1436 659 1487 huius
693 1436 950 1501 exemplo
990 1436 1061 1485 ad
1098 1438 1286 1487 studia
1320 1439 1719 1497 laudandorum
1758 1441 1960 1491 artium
1999 1454 2102 1505 pro

495 1517 601 1555 sua
672 1502 871 1569 uisque
907 1505 1065 1568 parte
1106 1502 1421 1556 adiuvanda
1459 1504 1799 1560 conferrent.
1878 1505 2095 1559 valete.

498 1585 594 1624 xx.
677 1569 825 1621 artii.
847 1583 1103 1620 numm.
1126 1568 1378 1622 patavio.

716 1849 881 1901 xlx.
930 1850 1009 1901 Μ.
1045 1847 1464 1900 ANTONIUS
1498 1848 1887 1902 MURETUS

806 1937 885 1981 ἐ.
924 1946 984 1982 n.
1024 1945 1278 1984 sunno
1316 1945 1765 1986 esosuucoro.

567 1999 723 2096 Ego
745 2044 879 2080 vero
900 2030 971 2079 ad
992 2045 1091 2080 eos
1114 2045 1306 2082 versus
1323 2067 1340 2093 ,
1382 2046 1522 2099 quos
1556 2039 1618 2084 tu
1642 2033 1714 2084 ud
1737 2046 1829 2086 me
1850 2035 2105 2086 amantis-

502 2097 640 2149 sime
670 2102 728 2146 et
752 2095 1172 2161 elegantissime
1215 2099 1456 2165 scriptos
1495 2099 1758 2163 miseras,
1797 2099 1984 2152 statim
2017 2113 2105 2150 re-

501 2163 726 2229 spondi3
766 2176 945 2230 neque
978 2163 1116 2213 satis
1141 2162 1329 2214 mirari
1359 2179 1617 2230 possum,
1659 2167 1753 2233 qui
1778 2165 1985 2217 factum
2010 2167 2102 2226 sit,

499 2236 564 2280 ut
579 2231 692 2282 mei
712 2229 782 2280 ad
802 2235 859 2279 te
881 2228 1081 2294 perlati
1102 2243 1213 2278 non
1234 2231 1362 2282 sint.
1413 2231 1523 2282 Sed
1545 2246 1646 2283 eos
1667 2233 1917 2299 quisquis
1940 2234 2102 2282 inter-

502 2298 682 2360 cepit,
723 2310 825 2346 nae
865 2295 963 2346 ille
991 2295 1047 2345 in
1074 2309 1135 2345 re
1164 2292 1310 2346 haud
1337 2298 1521 2363 magni
1587 2301 1717 2350 retii
1749 2300 1968 2365 utrique
2007 2312 2102 2348 no·

500 2365 673 2414 strum
688 2363 969 2428 insignem
991 2362 1250 2412 iniuriam
1273 2361 1430 2412 fecit:
1471 2315 1627 2426 mixi,
1649 2365 1800 2431 quod
1820 2365 1971 2414 nulla
1989 2364 2099 2414 cul·

502 2441 573 2490 pa
592 2441 721 2476 mea
738 2442 771 2477 a
812 2429 979 2478 restis
1003 2427 1103 2478 tibi
1126 2426 1346 2490 quidam
1369 2434 1427 2477 et
1444 2427 1774 2480 inhumanus
1795 2429 1972 2480 videri
2010 2444 2100 2496 po·

500 2493 602 2551 tui,
624 2492 717 2557 qui
739 2507 771 2541 a
832 2490 1053 2544 homine
1073 2493 1414 2542 amicissimo
1435 2499 1546 2543 tam
1570 2496 1821 2545 officiose
1841 2509 2101 2562 provoca-

502 2561 591 2604 tus
611 2555 749 2606 nihil
760 2559 1198 2624 respondissem3
1217 2556 1499 2622 tibi‚quod
1522 2561 1751 2610 caruisti
1775 2575 1845 2611 ea
1857 2561 2101 2626 volupta-

503 2627 578 2682 te,
590 2635 751 2687 quam
772 2626 1121 2691 percepisses
1145 2636 1216 2674 ex
1234 2621 1538 2674 collatione
1559 2631 1781 2678 tuorum
1802 2639 1926 2678 cum
1943 2629 2112 2678 meis..
