2275 3025
678 147 939 200 EPIST.
974 147 1131 200 LIB.
1167 150 1275 201 111.
1311 150 1430 202 ΕΡ.
1467 148 1692 200 XXIX.
1879 147 1980 198 243

376 263 718 302 nummorum
742 263 1053 300 aureorum.
1087 249 1171 298 Ea
1191 251 1242 302 si
1261 265 1483 316 possem
1499 253 1581 300 ita
1601 249 1900 310 collocare,
1920 252 1984 298 ut

380 323 437 368 et
462 317 708 384 desorte
732 317 938 365 nullum
963 315 1257 364 discrimen
1279 322 1447 376 esset,
1464 324 1522 366 et
1542 315 1598 364 in
1620 314 1840 380 singula
1859 313 1982 364 mil-

378 383 457 433 lia
487 389 797 448 octogenos
827 395 1021 430 numos
1052 395 1254 431 aureos
1289 382 1585 448 quotannis
1605 381 1893 446 percipere
1915 379 1979 430 li·

380 455 679 499 cerettnon
702 448 955 514 equidem
979 447 1049 496 ad
1069 452 1124 496 te
1148 447 1623 508 accurrerem‚sed
1643 446 1979 496 advolarem.

376 516 745 566 Efficerentur
762 513 906 563 enim
928 513 1235 579 octingenti
1255 515 1408 564 aurei
1433 513 1633 564 nummi
1655 511 1843 562 annui:
1865 513 1981 577 qui·

377 582 483 632 bus
506 594 612 647 ego
649 579 816 630 facile
848 586 1162 630 sustentare
1196 594 1282 630 me
1309 595 1550 646 possem.
1621 577 1980 628 Viveremin-

378 653 539 698 terea
562 647 779 712 quietus
802 647 856 695 in
878 645 1077 696 studiis
1091 682 1105 706 ‚
1136 651 1193 695 et
1219 648 1391 698 multa
1411 647 1620 711 scripta
1640 658 1764 694 mea
1783 643 1983 710 partim

380 713 544 764 rudia
563 719 621 762 et
640 710 902 762 inchoata
921 713 1471 778 perficerem,partim
1493 711 1699 762 affecta
1730 716 1788 760 et
1809 724 1908 775 pro
1950 723 1981 758 e

386 778 456 828 ad
479 784 783 828 extremum
803 779 1085 842 perducta,
1109 779 1391 829 edolarem
1415 785 1472 829 et
1492 777 1814 843 expolirem.
1937 774 1982 822 i·

384 845 571 896 derem
592 847 755 894 etiam
774 845 1049 894 interdum
1072 844 1577 897 Sacratum'meum.
1649 843 1814 892 Certe
1837 841 1984 892 enim

381 925 769 976 nonnunquam
796 916 891 959 aut
918 911 1034 976 ipse
1061 909 1329 962 venetias
1380 918 1476 961 aut
1508 926 1614 977 ego
1669 908 1984 960 Ferrariam

380 979 643 1027 venirem.
714 976 759 1025 Ο
783 977 832 1026 si
851 975 981 1025 mihi
1004 975 1155 1026 Deus
1179 976 1286 1027 hoc
1306 983 1534 1038 annuat,
1607 991 1730 1025 uam
1750 973 1884 1024 mihi
1905 975 1983 1022 vi-

382 1043 521 1094 deor
539 1044 736 1093 beatus
757 1041 905 1092 fore!
932 1043 1076 1102 Quid
1091 1079 1105 1103 ,
1140 1044 1187 1091 si
1219 1050 1278 1092 tu
1301 1057 1518 1109 quoque
1541 1057 1574 1092 a
1632 1040 1739 1092 hoc
1760 1039 1984 1092 consili-

379 1124 473 1158 um
492 1124 672 1158 meum
696 1107 1061 1158 adiuvandum
1076 1115 1133 1158 et
1154 1109 1574 1159 accelerandum
1586 1107 1794 1174 aliquid
1817 1120 1983 1157 curae

384 1189 449 1224 ac
471 1175 834 1241 cogitationis
858 1173 1150 1224 conferas?
1183 1176 1346 1235 Quod
1368 1181 1429 1224 ut
1447 1174 1656 1236 facias,
1693 1189 1726 1223 a
1757 1179 1816 1223 te
1850 1178 1983 1238 peto

422 1254 723 1306 uaesoque.
773 1239 963 1301 Vides,
986 1254 1146 1306 quam
1170 1242 1409 1292 libenter
1429 1247 1610 1295 tecum
1631 1237 1988 1290 confabulerss

384 1256 619 1373 Quippe,
665 1304 804 1356 haec
841 1307 986 1356 enim
1026 1307 1210 1358 scribo
1249 1314 1410 1358 sexta
1445 1306 1584 1358 hora
1614 1307 1818 1368 noctis,
1863 1320 1987 1356 cum

386 1373 692 1442 periculum
750 1373 817 1422 ab
868 1375 1382 1440 interpellatoribus
1451 1374 1660 1424 nullum
1710 1377 1812 1424 est.
1902 1372 1990 1421 ln-

387 1439 732 1491 credibiliter
777 1439 971 1502 doleo,
1010 1447 1338 1507 aegrotasse
1360 1447 1438 1492 te:
1477 1440 1848 1500 convaluisse,
1888 1438 1988 1488 im-

386 1507 701 1558 mortaliter
740 1507 985 1574 gaudeo,
1051 1523 1263 1575 oroque
1296 1514 1380 1571 te,
1435 1514 1498 1558 ut
1530 1507 1622 1558 vel
1657 1522 1781 1557 mea
1821 1520 1991 1556 causa

387 1574 761 1624 valetudinem
798 1580 948 1623 tuam
984 1574 1410 1640 diligentissime
1453 1588 1632 1624 cures.
1701 1572 1814 1623 Sed
1893 1570 1993 1621 uid

392 1647 478 1691 est
500 1640 648 1705 quod
670 1640 753 1689 ais
776 1640 845 1689 de
866 1640 1080 1689 'riberii
1104 1640 1368 1705 negotio?
1404 1638 1542 1688 Nam
1563 1638 1746 1687 nullus
1769 1637 1858 1703 qui
1905 1650 1992 1687 em

390 1704 529 1756 mihi
551 1720 585 1753 a
603 1711 659 1754 te
683 1704 943 1753 Tiberius
966 1704 1382 1754 commendatus
1405 1709 1508 1764 est,
1530 1704 1635 1751 nisi
1665 1716 1805 1768 quae
1843 1702 1992 1752 litte-

392 1786 490 1822 rae
512 1769 931 1819 interciderunt.
1003 1768 1113 1819 Sed
1143 1770 1415 1834 suspicor,
1454 1768 1701 1819 voluisse
1725 1775 1781 1818 te
1801 1766 1993 1818 Victo-

397 1837 537 1887 rium
580 1836 785 1885 dicere.
854 1835 1056 1899 Accipe
1094 1836 1292 1901 igitur,
1336 1849 1444 1901 quo
1484 1834 1541 1883 in
1581 1840 1730 1886 statu
1768 1849 1858 1884 res
1899 1835 1992 1885 sit.

399 1900 708 1952 cardinalis
736 1901 855 1966 ipse
893 1898 1026 1950 mihi
1063 1909 1254 1967 aperte
1294 1902 1452 1961 dixit,
1491 1906 1669 1951 totum
1707 1902 1994 1967 negotium

398 1968 545 2019 mala
564 1967 673 2016 fide
694 1974 908 2032 gestum
930 1982 1055 2018 esse
1089 1974 1162 2031 et,
1206 1983 1276 2019 ne
1316 1983 1540 2033 operam
1569 1982 1636 2017 ea
1655 1970 1712 2018 in
1733 1982 1795 2018 re
1815 1982 1994 2020 meam
2017 1966 2032 1977 ⁵

402 2033 633 2099 aniplius
672 2035 1109 2098 interponerem,
1166 2037 1406 2085 monuit:
1459 2034 1566 2084 sibi
1603 2040 1788 2085 tamen
1829 2047 1995 2085 curae

400 2099 543 2161 fore,
564 2106 626 2149 ut
643 2099 926 2151 Victorius
964 2100 1204 2168 aliquem
1246 2117 1315 2153 ex
1355 2116 1480 2151 mea
1517 2100 1994 2152 commendatione

404 2172 629 2233 caperet
647 2164 903 2217 fructum.
972 2169 1105 2218 Ama
1125 2184 1230 2230 me,
1251 2174 1314 2219 ut
1329 2167 1469 2219 facis
1498 2173 1554 2217 et
1582 2167 1725 2218 vale.
1766 2164 1996 2218 Romae.

402 2246 527 2283 xvr.
562 2232 687 2284 Kal.
727 2232 1003 2300 Septemb.
1036 2248 1326 2287 nnnxxxt.
1897 2244 1901 2251 ·

1483 2666 1656 2760 ,Ἠ
