2275 3025
484 161 585 214 316
1013 162 1091 214 Μ.
1128 165 1190 214 Α.
1234 161 1548 214 ΜῸΒΕἸΊ

482 261 632 330 quod
653 263 789 314 satis
812 277 1087 331 superque
1117 269 1208 316 est
1237 261 1306 312 ad
1328 261 1612 314 tutandam
1630 261 1800 314 vitam
1819 277 2098 316 ⁴consecu-

482 338 592 392 tus,
616 329 798 380 labori
826 336 1012 380 tamen
1034 345 1146 380 non
1175 343 1487 396 parcerem,
1530 326 1629 380 sed
1667 328 2098 396 amplificandae

484 395 568 446 rei
586 410 753 463 supra
774 396 997 447 modum
1020 395 1319 446 studerem.
1389 395 1540 463 Ergo
1565 403 1622 446 et
1643 394 1747 446 hac
1767 396 2096 462 suspicione

482 475 571 513 me
594 461 827 524 exsolvi,
869 470 927 513 et
946 463 1120 514 otium
1143 459 1295 523 mihi,
1315 467 1379 512 ut
1397 475 1590 527 spero,
1631 462 1689 512 in
1718 463 1992 528 reliquam
2017 464 2093 512 vi-

483 535 595 578 tam
623 529 958 596 comparavi.
1031 528 1155 589 Quo
1183 534 1369 578 tamen
1401 529 1519 578 otio
1546 541 1659 578 non
1699 528 1770 578 ad
1808 529 2092 595 ignaviam

483 593 702 658 abutar3
744 594 843 646 sed
866 609 1085 661 semper
1104 593 1315 660 aliquid
1335 593 1560 661 moliar,
1579 592 1728 660 quod
1747 609 1837 645 me
1857 595 2090 660 prodes-

482 673 544 710 se
565 662 834 729 posteris,
878 663 928 712 si
950 661 1432 727 minus-potuisse,
1477 666 1538 710 at
1567 667 1720 710 certe
1748 666 1873 710 toto
1901 659 2088 712 animo

480 725 729 778 voluisse
747 733 1002 778 testetur.
1071 725 1477 777 Describuntur
1495 725 1586 778 hic
1607 741 1750 776 nunc
1771 741 1806 776 a
1824 733 1960 793 typo
2068 757 2089 768 -

481 789 607 859 phis
634 807 809 858 opera
838 794 1024 843 omnia
1052 793 1302 844 Senecae
1325 793 1619 844 emendata
1657 791 1844 844 studio
1867 808 1934 846 ac
2005 793 2088 844 ili-

484 859 675 924 gentia
693 873 833 910 mea.
902 859 1061 920 Quae
1088 860 1253 910 simul
1292 859 1550 910 absoluta
1576 865 1760 920 erunt,
1794 859 1863 910 ad
1883 865 1942 910 te
1964 863 2084 911 mit-

481 929 685 976 tentur.
755 923 1034 992 Sequetur
1054 925 1497 977 Commentarius
1516 927 1572 976 in
1594 923 1795 975 Ethica
1811 927 2084 977 Aristote-

483 990 554 1040 lis
597 991 817 1057 aliaque
860 991 1149 1058 deinceps,
1199 1005 1340 1058 quae
1385 992 1489 1043 tibi
1534 1005 1645 1042 non
1687 1005 1860 1057 usque
1902 1007 2083 1060 uaque

484 1057 832 1122 displicitura
853 1059 1092 1109 confido.
1163 1057 1384 1109 Interea
1407 1059 1568 1108 mitto
1597 1055 1664 1107 ad
1685 1063 1742 1107 te
1763 1063 1892 1108 orat
1953 1073 2083 1110 ncu-

482 1123 591 1173 lam
612 1121 858 1175 habitam
905 1123 995 1175 hic
1022 1139 1057 1174 a
1080 1139 1170 1204 ipe
1203 1126 1262 1176 in
1305 1121 1504 1174 funere
1526 1121 1684 1174 Pauli
1707 1123 1946 1187 Foxii,*)
1987 1125 2083 1175 Ar·

486 1187 826 1257 chiepiscopi
845 1190 1135 1252 Tolosam,
1160 1192 1348 1258 magni
1369 1205 1433 1241 ac
1454 1191 1788 1256 praestantis
1808 1191 1933 1253 viri,
1953 1191 2082 1241 tibi-

485 1270 618 1322 que,
659 1261 724 1307 ut
748 1258 967 1322 opinor,
1011 1272 1120 1307 non
1157 1257 1356 1324 ignoti.
1425 1256 1627 1308 Addidi
1665 1255 1774 1306 duo
1811 1257 2084 1324 quaedum

484 1323 765 1386 poematia
782 1337 932 1384 mea,
974 1323 1044 1372 ad
1073 1338 1216 1389 quae
1245 1322 1536 1374 familiaris
1568 1322 1787 1390 quidam
1809 1337 1966 1373 meus
1989 1337 2086 1374 no-

483 1387 630 1436 tulas
659 1388 920 1452 quasdam
949 1387 1180 1450 adiecit,
1221 1403 1334 1439 non
1372 1403 1598 1455 prorsus
1636 1388 1784 1439 inele
1826 1390 2086 1456 antes.**)

486 1451 643 1501 Haec
677 1465 856 1519 pauca
892 1452 1133 1504 libenter
1170 1457 1285 1505 acci
1328 1456 1412 1506 ies
1450 1461 1615 1522 teque
1653 1455 1726 1506 iis
1756 1470 1789 1505 o
1831 1456 2084 1520 lectabis,

487 1518 613 1569 dum
637 1532 671 1570 a
699 1534 788 1570 me
830 1521 1053 1587 gravius
1092 1470 1324 1588 aliquidp
1348 1530 1406 1573 et
1446 1523 1684 1590 dignius,
1732 1522 1882 1589 quod
1919 1522 1989 1574 ad
2025 1528 2083 1575 te

486 1587 757 1648 mittatur,
800 1586 1062 1654 accipias.
1132 1586 1354 1639 Interea
1385 1602 1485 1639 oro
1519 1596 1576 1639 te
1607 1602 1707 1655 per
1733 1588 1884 1639 illam
1918 1604 2085 1656 saepe

486 1650 620 1704 mihi
642 1660 947 1721 spectatam
970 1653 1366 1718 humanitatem
1389 1670 1454 1705 ac
1486 1656 1804 1705 comitatem
1835 1661 2006 1717 tuam,
2027 1662 2089 1706 ut

488 1734 673 1771 amare
693 1736 781 1771 me
802 1736 1026 1789 pergas,
1070 1722 1302 1789 eiusque
1323 1721 1405 1772 rei
1425 1720 1558 1772 mihi
1593 1720 1758 1771 tidem
1790 1720 2086 1785 interdum,

488 1786 637 1853 quod
658 1791 950 1840 commodo
979 1794 1076 1839 tuo
1106 1788 1228 1850 fiat,
1262 1788 1817 1839 tuis·iucundissimis
1843 1787 1978 1839 mihi
2017 1802 2086 1839 ue

485 1854 854 1966 Xptrzffissimis
882 1855 1090 1906 litteris
1120 1854 1318 1906 facias.
1386 1850 1546 1905 Vale.
1577 1854 1803 1905 Romae.
1841 1868 1927 1905 vr.
2014 1854 2081 1905 al.

530 1932 565 1982 p
643 1954 657 1968 .
680 1932 1010 1971 nnnxxxtv.

539 2211 559 2219 -
617 2178 928 2235 Lxxxn.
972 2128 1050 2234 iu.
1094 2180 1514 2237 AN'romus
1562 2154 1960 2239 muner-os

828 2280 876 2318 S·
912 2280 972 2317 D.
1012 2281 1224 2319 PAULO
1264 2282 1562 2347 SAQRATO
1601 2284 1743 2321 SUO·
1862 2304 1870 2309 ·

554 2329 653 2416 At
670 2367 751 2416 ita
768 2372 829 2417 tu
852 2380 967 2430 me,
1008 2367 1136 2417 dum
1166 2368 1371 2429 vivam,
1412 2371 1612 2419 merito
1635 2380 1814 2430 ames,
1855 2367 2086 2420 Sacrate

568 2499 633 2605 33
662 2496 1144 2605 31‘233322‘.¹‹313?;02‚
1165 2552 1385 2605 intelligit
1413 2554 1460 2595 in
1477 2556 1606 2597 omen
1624 2552 2088 2607 clari-toph.·1·huani

490 2606 539 2643 et
554 2606 884 2646 institutionem
908 2606 1129 2658 puerilem
1149 2609 1204 2649 ad
1226 2607 1368 2649 filium
1389 2608 1563 2650 fratris.
1603 2610 1702 2663 [cf.
1719 2608 1876 2650 Poem.
1894 2610 2004 2651 Vn.
2025 2608 2088 2651 11.

496 2661 559 2699 14.
578 2663 625 2701 et
648 2660 733 2713 15.]
754 2659 951 2712 Utrique
972 2664 1101 2703 notu
1122 2662 1303 2703 addidit
1323 2662 1430 2703 Ant.
1453 2662 1796 2705 Constantinus.
1839 2662 2061 2707 Thomas.
