2275 3025
423 124 522 175 34⁰
957 124 1035 173 M.
1071 125 1131 173 A.
1169 124 1488 175 MURET}

425 232 674 289 tempore,
701 221 900 289 inquit,
913 224 963 287 ⁴)
998 220 1226 273 Ioannes
1259 222 1612 291 Evangeliuta
1637 224 1846 290 Ephesi
1859 224 2036 278 Asiae

423 288 553 339 urbe
569 288 815 339 moritur.
886 289 1039 340 Adde
1060 287 1170 339 huc
1189 288 1667 355 chrysostomum,
1707 292 1800 357 qui
1821 293 1881 341 in
1912 295 2034 358 epi-

428 354 557 407 stol.
585 355 655 405 ad
686 354 1047 422 Ephesios**)
1086 356 1167 405 ait
1193 369 1318 407 eum
1347 354 1554 422 Ephesi
1592 364 1649 407 et
1681 358 1942 409 exulasse
1975 367 2040 409 et

425 426 701 473 mortuum
740 436 882 473 esse.
954 422 1152 472 Itidem
1191 423 1336 488 apud
1376 422 1746 489 sophronium
1785 424 2032 490 legimus

427 504 553 540 eum
584 488 793 539 obiisse
822 488 980 539 valde
1000 502 1207 539 senem.
1282 488 1393 540 Sed
1415 496 1472 539 et
1495 490 1766 541 Eusebius
1785 490 2030 541 Emisso-

427 572 529 606 nus
540 556 646 619 ⁴⁸)
686 556 831 605 inter
869 563 1055 605 retans
1095 554 1265 605 verba
1303 554 1528 616 Christi,
1570 571 1711 622 quae
1751 556 1918 607 aliter
1952 556 2029 606 ab

428 622 555 673 aliis
594 628 833 687 accepta*
887 637 991 672 anc
1024 622 1345 688 opinionum
1374 622 1800 688 discrepantiam
1821 621 2027 673 effece-

424 695 582 739 runt.-
618 687 777 738 Hunc
796 696 969 738 autem
985 724 999 748 ,
1027 688 1236 753 inquit,
1271 686 1350 738 sic
1367 688 1484 738 volo
1510 704 1751 749 manere,
1773 704 1882 739 non
1901 704 2025 739 cru-

427 771 502 815 ce,
526 770 631 805 non
686 754 1001 805 erseeuton‘s
1015 754 1221 821 gladio,
1243 769 1350 804 non
1371 754 1477 805 ulla
1497 754 1746 817 violentia
1765 756 1882 806 volo
1903 770 2027 806 enm

428 820 592 891 uitam
607 770 802 886 scenio-e,
823 820 918 871 sed
933 819 990 870 in
1001 836 1138 887 paee
1159 828 1211 871 et
1233 819 1405 886 quiete
1424 820 1560 871 diem
1581 820 1821 871 ultimum
1839 821 2024 871 termi-

426 902 575 937 nare.
630 886 784 937 Beda
805 901 1025 954 quoque
1047 887 1241 938 eadem
1257 887 1358 938 illa
1374 887 1546 937 verba
1565 902 1634 937 ex
1673 888 1876 938 licans:
1896 884 2027 938 Non

426 954 577 1021 ergo,
597 952 794 1019 inquit,
817 954 1115 1020 putandam
1135 961 1230 1014 est,
1265 952 1409 1019 quod
1421 952 1626 1019 discipu
1724 954 1809 1004 ille
1827 969 1934 1003 non
1951 953 2032 1004 cit

426 1028 665 1070 mortuus
682 1018 741 1071 in
755 1035 932 1081 carne,
947 1020 1073 1085 quia
1090 1035 1186 1070 nec
1207 1018 1446 1070 dominus
1466 1019 1567 1071 Ιιοι·
1586 1020 1648 1070 de
1664 1019 1754 1071 iao
1763 1019 2028 1089 suturam

419 1086 711 1153 praedixit.
784 1086 1042 1138 Putidum
1062 1087 1302 1155 yidetun
1347 1101 1473 1138 cum
1490 1093 1578 1137 tot
1595 1087 1804 1153 primae
1826 1088 2026 1137 classis

427 1161 686 1205 auctores
708 1154 1065 1214 laudaverim,
1081 1152 1226 1204 alios
1248 1167 1467 1221 quoque
1489 1154 1757 1205 minorum
1779 1153 2030 1219 gentium

429 1226 485 1270 et
506 1220 802 1281 secundae,
843 1222 1002 1272 utita
1020 1221 1220 1282 dicam,
1259 1226 1426 1269 notae
1448 1218 1721 1283 adiicere,
1763 1220 2029 1271 ottonem

426 1286 867 1352 Frisingensem,
890 1286 1264 1337 Gottifredum
1286 1285 1718 1347 viterbiensem,
1738 1286 2027 1337 Aimoneni

428 1358 485 1402 et
512 1348 830 1402 huiusmodi
859 1352 1027 1414 alios,
1069 1368 1210 1417 quos
1245 1352 1548 1418 quamlibet
1575 1352 1780 1403 multos
1802 1366 2028 1403 coacer-

428 1431 558 1467 vare
590 1416 728 1468 nihil
757 1420 972 1485 negotii
999 1418 1188 1469 fuerit.
1257 1419 1368 1469 Aut
1385 1417 1492 1469 hoc
1511 1420 1738 1471 testium
1759 1420 1898 1471 satis
1918 1424 2026 1480 est,

428 1488 523 1536 aut
556 1498 666 1534 non
705 1483 868 1534 video
917 1484 1037 1550 quit
1074 1484 1150 1534 sit
1185 1483 1344 1536 satis.
1430 1485 1754 1540 Ambrosius
1769 1488 1905 1550 ****)
1945 1486 2030 1536 ait

427 1553 696 1618 quosdam
716 1551 785 1604 de
805 1549 956 1602 illius
978 1559 1156 1603 morte
1177 1551 1432 1604 dubitare
1446 1589 1461 1616 ‚
1498 1554 1620 1623 ipse
1640 1561 1826 1605 tamen
1844 1568 1905 1604 se
1927 1552 2026 1603 du·

427 1619 607 1670 bitare
637 1631 747 1670 non
778 1618 1040 1670 ostendit.
1110 1616 1520 1684 Euthymius†)
1551 1636 1772 1689 quoque
1793 1619 2026 1686 exponit

426 1687 757 1738 sententiam
782 1701 997 1748 eorum,
1039 1687 1133 1754 qui
1158 1685 1314 1738 illum
1341 1694 1616 1739 mortuum
1653 1692 1882 1754 negant:
1920 1683 2024 1736 sed

425 1768 525 1803 eos
547 1756 625 1804 ait
644 1755 699 1804 in
724 1768 915 1806 errore
934 1753 1165 1805 versari.
1237 1751 1540 1820 Nicephori
1562 1754 1779 1805 Callisti
1797 1751 1905 1816 ††)
1930 1765 2022 1818 pe-

426 1817 653 1870 culiaris
683 1821 953 1886 quaedam
984 1821 1172 1887 opinio
1201 1826 1315 1880 est,
1355 1827 1630 1871 mortuum
1651 1819 1874 1887 quidem
1893 1831 2022 1868 esse

424 1900 576 1947 eum,
613 1887 715 1936 sed
736 1888 923 1938 statim
944 1887 1234 1938 revixisse.
1308 1884 1412 1947 Qui
1436 1892 1620 1936 autem
1637 1893 1854 1952 putant,
1894 1899 2024 1936 eum

422 1965 546 2000 cum
566 1949 801 2002 Henoch
822 1959 879 2002 et
899 1952 1067 2004 Helia
1089 1956 1294 2014 vivere,
1315 1958 1373 2002 et
1391 1958 1503 2003 tam
1523 1951 1695 2003 multa
1715 1951 1785 2003 de
1804 1949 1904 2002 illo
1926 1949 2022 2001 ad-

421 2015 661 2066 mirabili
685 2017 910 2083 pulvere
929 2017 1262 2085 loquuntur,
1283 2018 1486 2081 nullos,
1508 2025 1570 2069 ut
1590 2021 1805 2084 opinor,
1823 2017 2021 2068 melio·

422 2097 514 2136 res
554 2089 812 2134 auctores
844 2081 1049 2134 habent
1080 2102 1241 2152 quam
1265 2084 1544 2136 Simonem
1564 2083 2021 2151 Metaphrastem,

326 2174 347 2188 „
422 2149 695 2201 Isidorum
720 2143 1284 2216 Hispalensem,†††)
1307 2157 1380 2211 et,
1402 2151 1450 2201 si
1470 2149 1634 2212 forte,
1658 2150 1907 2200 eiusdem
1932 2162 2019 2199 or·

422 2215 567 2268 diuis
588 2217 731 2268 alios
748 2253 763 2280 ,
802 2233 942 2284 quos
963 2225 1023 2268 ut
1044 2234 1156 2268 non
1175 2224 1498 2280 contemno,
1529 2218 1612 2268 ita
1631 2231 1771 2283 quos
1791 2229 2016 2283 sequor,

474 2295 515 2348 ⁸)
545 2295 605 2336 V.
626 2295 819 2338 Cedren.
838 2295 901 2338 T.
916 2296 956 2340 Ι.
978 2311 1023 2350 p.
1044 2300 1139 2340 241.
1161 2296 1214 2338 C.

474 2349 536 2404 ⁸⁸)
568 2349 683 2404 Opp.
704 2349 763 2392 Τ.
778 2349 868 2394 xl.
891 2365 936 2406 p.
960 2357 997 2394 1.
1018 2351 1092 2394 ed.
1110 2349 1276 2393 Monti-

476 2409 555 2453 ''⁸''
587 2405 673 2446 Ed.
693 2403 842 2448 Paris.
858 2411 927 2450 22.
948 2407 992 2447 b.

472 2458 576 2510 ¹¹⁰··)
607 2457 816 2502 Enarrat.
836 2461 883 2501 in
903 2459 1073 2503 l'ulm.
1098 2463 1190 2502 118.
1211 2459 1509 2504 commentar.
1529 2461 1576 2504 in
1589 2461 1754 2512 Ιίνιιις.
1767 2459 2012 2512 Loutia-9.

408 2517 413 2520 '
513 2513 535 2564 )
558 2511 677 2553 Bibl.
700 2513 825 2556 Patr.
846 2517 969 2556 Max.
989 2514 1049 2557 Τ.
1070 2513 1262 2556 XXIX.
1281 2527 1328 2568 p.
1350 2518 1444 2559 ²2².

548 2565 569 2618 )
597 2566 719 2608 nint.
740 2567 915 2611 Eccles.
935 2569 998 2611 11.
1020 2585 1056 2612 e.
1075 2574 1143 2612 42.
1163 2574 1290 2612 extr.

586 2620 608 2671 )
640 2621 711 2662 De
730 2622 824 2664 vita
842 2627 890 2666 ot
908 2629 1051 2667 morte
1068 2623 1275 2667 Sanctor-
1297 2625 1388 2667 ‘180'
