2275 3025
369 173 469 222 242
904 169 982 220 M.
1020 168 1079 220 A.
1118 170 1441 221 MURETI

370 271 531 331 bent,
562 269 708 320 alios
740 283 960 336 quoque
996 284 1188 322 omnes
1210 269 1460 322 diffluere
1483 269 1602 319 otio
1625 268 1984 320 existimant!

368 336 638 398 Veniunt,
670 335 889 386 admitti
916 336 1132 398 volunt3
1164 337 1277 402 nisi*
1291 336 1675 396 admittantur,
1704 335 1977 399 fremunt3

368 401 724 454 inhumanum
746 416 869 452 esse
892 417 977 452 me
1000 418 1065 454 ac
1087 403 1369 453 difficilem
1409 409 1846 468 conqueruntur3
1880 401 1977 454 ad·

368 469 525 522 missi
554 469 701 520 ultro
734 469 900 518 etiam
932 470 1257 535 obiurgant,
1289 469 1435 534 quod
1467 469 1627 518 nimis
1673 469 1730 518 in
1757 467 1958 519 studiis

372 536 588 588 defixus
610 536 739 597 sim,
768 536 927 601 quasi
958 548 1055 600 per
1073 537 1217 585 istos
1239 535 1532 612 quidquam
1554 534 1689 585 mihi
1707 533 1975 598 temporis

372 603 573 654 studiis
606 603 746 660 meis
781 602 1023 652 tribuere
1059 601 1254 663 liceat;
1297 600 1656 652 relaxandum
1694 600 1976 650 interdum

374 684 501 722 esse
522 669 761 719 animum
784 668 1036 728 clamant,
1060 682 1222 733 quem
1244 682 1312 716 ne
1335 668 1588 718 relaxare
1609 669 1836 732 possim,
1861 665 1974 731 ipsi

374 749 578 802 magna
614 749 685 784 ex
722 741 879 811 parte
920 733 1161 784 obstant.
1232 735 1374 784 Tum
1411 734 1467 783 in
1509 734 1882 784 alienissimos
1914 738 1974 781 et

373 800 510 854 mihi
529 800 957 851 molestissimos
978 814 1265 850 sermones
1286 801 1340 850 in
1385 799 1696 850 rediuntur:
1719 800 1850 866 quid
1870 812 1970 848 no·

370 882 563 919 varum
585 881 769 917 rerum
800 865 1029 917 allatum
1063 867 1139 916 sit
1173 880 1204 915 e
1239 865 1344 916 Gal
1369 865 1454 916 ia}
1483 865 1576 931 qui
1613 865 1972 931 Belgicorum

373 933 707 986 tumultuum
738 931 955 982 futurus
990 932 1172 985 exitus
1206 931 1461 997 putetur?
1488 932 1619 998 quid
1653 937 1809 997 agat,
1838 930 1973 996 quid

373 1000 674 1052 meditetur
703 997 1002 1051 Pontifex}
1029 1004 1167 1065 quot
1194 1005 1251 1049 et
1276 1013 1416 1064 quos
1447 997 1768 1047 Cardinales
1788 998 1971 1065 proxi-

375 1068 479 1118 mis
502 1066 745 1118 comitiis
766 1063 1045 1116 hominum
1066 1063 1782 1130 famadesignet‘ssquarum
1801 1063 1973 1112 omni-

375 1149 468 1184 um
487 1148 670 1184 rerum
692 1146 799 1199 ego
819 1132 901 1182 ita
920 1147 1030 1182 non
1050 1131 1338 1196 imperitus
1360 1130 1550 1191 modo,
1583 1129 1685 1179 sed
1707 1132 1874 1179 etiam
1891 1129 1976 1178 in·

376 1203 631 1251 curiosus
652 1215 797 1258 sum,
827 1205 889 1248 ut
915 1212 1108 1264 saepe,
1141 1197 1348 1248 Romae
1377 1211 1446 1247 an
1467 1197 1582 1246 ruri
1600 1197 1672 1245 sit
1693 1194 1975 1257 Pontifex,

376 1265 638 1319 nesciam.
710 1263 997 1314 Obdurare
1042 1273 1229 1314 tamen
1259 1269 1319 1314 et
1344 1277 1542 1314 vorare
1576 1260 1717 1313 haec
1753 1268 1812 1312 et
1845 1261 1975 1311 tali-

374 1333 480 1383 bus
500 1329 725 1396 ineptiis
747 1329 1118 1380 verberandus
1140 1344 1304 1380 aures
1316 1329 1579 1396 praebere
1590 1342 1781 1395 cogor,
1797 1328 1976 1378 donec

378 1402 437 1448 et
476 1397 587 1461 ipsi
628 1394 911 1447 tundendo
969 1394 1182 1446 defessi
1223 1403 1352 1446 sunt
1401 1402 1458 1446 et
1506 1411 1612 1462 ego
1663 1394 1974 1461 vapulando

379 1469 627 1514 enectus.
698 1460 1047 1512 Semianimis
1069 1469 1127 1513 et
1145 1457 1492 1526 ἐμβρόντητος
1510 1463 1758 1523 relictus,
1771 1460 1864 1512 ubi
1887 1475 1972 1511 me

378 1528 561 1581 denuo
592 1531 649 1581 in
674 1526 1070 1579 bibliothecam
1094 1528 1309 1589 abdidi,
1345 1531 1508 1581 video
1540 1530 1596 1579 in
1626 1544 1818 1579 mensa
1837 1528 1973 1579 satis

378 1596 553 1647 multa
560 1596 853 1661 explicata,
867 1610 1007 1661 quae
1017 1594 1151 1645 mihi
1166 1602 1449 1661 torporem
1461 1602 1722 1647 excutere
1739 1595 1970 1660 possint.

376 1663 573 1731 Neque
595 1669 709 1725 est,
741 1662 889 1730 quod
911 1662 1067 1714 dicas
1084 1699 1099 1726 ,
1130 1663 1243 1713 ista
1263 1665 1448 1713 omnia
1462 1699 1479 1725 ,
1507 1664 1556 1713 si
1575 1664 1697 1728 quis
1721 1661 1976 1713 obfirmet

378 1731 635 1792 animum,
673 1744 840 1795 posse
880 1729 1062 1782 vitari.
1133 1729 1277 1779 Mihi
1317 1729 1508 1790 erede,
1553 1734 1650 1781 aut
1674 1728 1877 1778 multae
1906 1740 1973 1775 ac

378 1812 577 1863 graves
613 1796 935 1847 inimicitiae
974 1795 1364 1861 suscipiendae
1401 1801 1558 1857 sunt,
1607 1800 1703 1845 aut
1740 1793 1879 1845 haee
1915 1796 1976 1843 et
2022 1819 2044 1835 x

380 1862 629 1914 eiusdem
674 1862 897 1928 generis
934 1863 1360 1914 innumerabilia
1403 1862 1752 1928 perferenda.
1830 1859 2000 1909 Eant*

380 1943 523 1979 nunc
573 1928 736 1977 amici
790 1934 849 1977 et
894 1936 1217 1993 querantur,
1253 1930 1424 1979 ullum
1463 1928 1813 1978 tabellarium
1851 1926 1974 1975 sine

278 2026 287 2035 ·
376 1995 517 2045 meis
540 1991 610 2042 ad
632 2007 693 2041 se
714 1992 915 2041 litteris
935 1996 1143 2043 venire.
1211 1994 1355 2053 Quid
1383 1993 1637 2059 quaeris'!
1656 1994 1879 2043 Harum·
1888 2005 1973 2041 re-

378 2075 499 2112 rum
524 2057 711 2109 taedio
744 2056 814 2107 de
845 2058 979 2107 urbe
1008 2058 1374 2124 relinquenda
1398 2060 1725 2126 saepissime
1761 2060 1972 2124 cogito,

380 2134 439 2179 et
475 2125 741 2179 Venetias
763 2124 846 2173 ire
891 2123 1111 2190 ibique,
1147 2125 1297 2189 quod
1331 2125 1603 2192 reliquum
1634 2125 1835 2175 aetatis
1867 2130 1973 2184 est,

377 2194 693 2259 transigere
714 2190 985 2255 discupio.
1019 2190 1121 2241 llle
1143 2190 1279 2240 mihi
1299 2192 1459 2243 locus
1479 2192 1550 2243 ad
1569 2191 1800 2242 senilem
1823 2190 1976 2256 quie·

378 2270 493 2313 tem
522 2275 589 2310 ac
615 2256 1075 2325 tranquillitatem
1102 2256 1286 2307 factus
1312 2258 1548 2309 videtur.
1616 2259 1794 2323 Atque
1822 2254 1974 2321 equi·

382 2329 507 2379 dem
522 2327 571 2377 si
594 2338 874 2391 sperarem
887 2359 904 2385 ‚
935 2323 1120 2389 aliqua
1141 2322 1378 2375 honesta
1398 2339 1462 2375 ac
1480 2330 1602 2374 tuta
1617 2324 1836 2373 ratione
1856 2328 1972 2371 tan-

380 2401 498 2444 tum
520 2406 719 2456 capere
740 2405 827 2441 me
848 2390 965 2442 illie
997 2404 1066 2441 ex
1088 2389 1362 2441 fructibus
1385 2393 1651 2457 pecuniae
1673 2404 1829 2440 meae
1848 2402 1976 2455 pos-

384 2474 445 2509 se
456 2464 700 2572 ’141111ιιιὲηειιειιΙ
706 2456 848 2571 1385?
830 2457 945 2572 catut
944 2470 1032 2572 ιτς.
1026 2453 1611 2572 αζεέιῗέἑιιικιῶεῗὸἱῖοῗείῗ
1609 2539 1621 2552 ·
1649 2463 1782 2571 ἓῗιῖἷί
1806 2454 1981 2571 pengia

380 2537 575 2639 ¹dignes
595 2586 960 2637 vindemiolas
982 2560 1135 2637 me‘ae’ts
1168 2593 1228 2637 et
1263 2589 1412 2638 istuc
1434 2558 1694 2637 venirem.
1817 2556 1982 2636 ideoi-

382 2661 569 2708 autem
598 2650 875 2704 conticere
908 2666 1077 2719 posse
1112 2652 1188 2711 ad
1217 2668 1417 2707 novem
1453 2659 1550 2704 aut
1579 2653 1773 2704 decem
1800 2653 1982 2715 millia
