2275 3025
390 153 451 201 12
909 148 984 199 Μ.
1023 150 1085 201 Α.
1119 148 1434 201 MURETI

821 280 887 334 V.
934 296 1153 334 ernau
1193 297 1511 335 maxumo.

452 352 568 437 De
607 385 888 451 Torquato
919 384 968 447 ³⁴)
1002 381 1355 436 vehementer
1388 399 1509 435 amo
1548 389 1621 435 te.
1688 386 1954 437 Exemisti

389 454 535 505 enim
557 450 691 503 mihi
725 452 1037 517 scrupulum
1067 465 1199 501 sane
1227 453 1534 503 molestum.
1600 448 1737 503 Nam
1762 453 1953 503 subve-

389 521 578 582 rebar,
611 519 663 569 si
693 519 761 570 ad
789 518 944 569 illum
967 518 1211 569 scribens
1259 521 1429 583 patris
1460 519 1791 571 mentionem
1808 518 1955 569 face-

387 600 526 649 rem,
564 601 672 653 quo
701 586 761 636 id
778 586 895 651 ipse
928 587 1107 635 animo
1147 591 1467 649 accepturus
1508 593 1680 650 esset;
1718 586 1955 651 ideoque

387 654 614 705 avebam
631 652 817 702 videre
839 649 1126 718 epistolam
1146 654 1322 711 tuam,
1360 665 1499 717 quae
1518 668 1603 702 me
1624 653 1829 717 docuit,
1844 667 1956 703 me·

387 726 505 771 tum
529 720 686 773 illum
713 718 930 768 inanem
956 715 1148 767 fuisse.
1184 716 1274 767 Illi
1290 717 1462 783 igitur
1480 719 1781 783 Tibullum,
1802 720 1955 771 euius

387 785 713 852 principium
727 785 937 835 mittam
955 784 1027 834 ad
1042 788 1101 834 te
1119 798 1262 845 oras,
1282 790 1377 835 aut
1396 799 1659 835 summum
1678 786 1957 854 perendie.

391 856 613 903 Interea
631 851 830 917 operis,
851 850 998 918 quod
1017 856 1201 917 agant,
1221 865 1331 902 non
1350 848 1560 911 defore,
1576 857 1793 903 tuarum
1814 854 1959 904 litte·

387 934 572 971 rarum
614 931 792 967 sermo
839 917 1100 968 declarat.
1167 916 1253 967 De
1300 917 1591 983 Propertio
1640 918 1959 971 videbimus.

391 986 743 1050 Summopere
771 999 1047 1052 cuperem,
1085 985 1133 1035 si
1172 984 1455 1035 commode
1492 984 1614 1035 fieri
1649 990 1863 1051 posset,
1899 991 1963 1035 ut

389 1052 597 1106 Tibulli
619 1052 940 1117 principium
963 1067 1084 1104 eum
1104 1051 1307 1103 Catulli
1325 1052 1431 1103 fine
1451 1052 1645 1103 eodem
1671 1050 1809 1102 folio
1833 1065 1959 1101 con·

387 1122 482 1171 iun
523 1126 724 1171 eretur.
793 1120 960 1171 ouius
977 1134 1132 1171 meae
1155 1120 1469 1185 cupiditatis
1488 1132 1628 1185 quae
1660 1132 1828 1170 eausa
1866 1119 1958 1180 sit,

389 1186 501 1238 faci
525 1202 554 1236 e
580 1191 640 1237 te
664 1188 1062 1251 suspicaturum
1085 1193 1238 1253 puto.
1304 1186 1496 1248 Esset,
1526 1191 1587 1236 ut
1607 1186 1824 1253 opinor,
1844 1200 1959 1236 mu-

387 1270 490 1305 nus
510 1252 616 1303 hoc
681 1258 804 1301 acto
839 1249 928 1299 οὐκ
951 1252 1034 1301 οἶδ
1053 1250 1187 1304 ὅπως
1206 1248 1589 1317 εὐπρεπέστερον
1610 1254 1693 1300 καὶ
1708 1244 1958 1316 μουσικῶ·

387 1334 552 1385 τερον.
615 1268 766 1369 ΝΡίΙιίΙ
787 1324 971 1368 tamen
995 1318 1101 1369 nisi
1121 1323 1217 1367 tuo
1239 1318 1525 1370 commodo
1545 1318 1725 1368 velim.
1796 1317 1959 1377 Quod

386 1390 473 1437 tot
498 1399 688 1436 versus
714 1384 928 1435 deletos
955 1383 1196 1446 miraris,
1235 1382 1411 1435 dicam
1428 1383 1558 1446 tibi,
1598 1384 1730 1449 quid
1752 1383 1957 1435 factum

389 1455 478 1504 sit.
546 1452 590 1502 E
611 1451 789 1515 libris,
865 1465 968 1503 uos
996 1451 1066 1502 ad
1089 1465 1175 1500 me
1200 1451 1423 1513 misisti,
1461 1455 1655 1501 neuter
1681 1458 1824 1513 erat,
1862 1450 1959 1516 qui

388 1535 498 1572 non
522 1521 578 1570 in
639 1521 778 1570 rimo
805 1466 905 1569 ifle
932 1517 1072 1569 folio
1099 1524 1213 1568 tam
1237 1518 1407 1568 multa
1432 1519 1501 1568 ad
1530 1520 1827 1585 marginem
1864 1516 1958 1568 ad-

389 1589 594 1654 scripta
651 1587 862 1648 aberet,
887 1591 951 1636 ut
967 1586 1263 1636 verendum
1282 1590 1455 1648 esset,
1477 1599 1545 1636 ne
1564 1584 1775 1635 librarii
1799 1583 1956 1635 falle-

386 1662 592 1707 rentur.
661 1654 960 1719 Coneerpsi
978 1653 1151 1720 igitur.
1166 1667 1329 1703 unum
1349 1667 1379 1703 e
1398 1653 1553 1714 meis,
1574 1653 1675 1702 sed
1691 1658 1803 1702 tam
1821 1650 1955 1703 mul-

386 1729 446 1774 ta
463 1723 525 1772 in
543 1737 610 1773 eo
629 1721 829 1772 menda
843 1721 1052 1788 reperi,
1088 1725 1151 1770 ut
1170 1725 1396 1770 coactus
1414 1720 1517 1770 sim
1542 1725 1754 1770 mutare
1775 1717 1955 1769 eonsi-

386 1789 538 1840 lium.
607 1787 768 1847 Quod
797 1795 980 1840 autem
1005 1801 1261 1838 numerus
1280 1801 1533 1838 versuum
1558 1801 1668 1836 non
1689 1799 1954 1853 congrue-

385 1856 504 1916 bat,
537 1868 602 1904 eo
623 1853 826 1904 factum
849 1860 957 1915 est,
979 1861 1040 1904 ut
1055 1855 1271 1922 aliquot
1289 1855 1508 1905 delendi
1528 1853 1748 1906 fuerint.
1816 1851 1975 1904 Nani-

389 1921 537 1988 quod
562 1921 643 1970 ita
661 1920 886 1981 cecidit,
923 1927 984 1970 ut
1013 1935 1047 1970 a
1077 1929 1417 1987 pentametro
1443 1923 1712 1988 inciperet
1736 1921 1957 1989 pagina,

387 2003 498 2038 non
517 1986 748 2037 oonsilio
770 1985 975 2036 factum
993 1992 1105 2048 est,
1126 1989 1226 2037 sed
1245 2003 1391 2040 casu.
1462 1989 1657 2041 Potest
1676 1995 1858 2040 autem
1876 1986 1955 2038 fa-

387 2054 492 2106 cile
513 2053 734 2119 corrigi.
769 2051 1124 2103 characteres
1162 2056 1244 2105 tui
1269 2054 1467 2106 Graeci
1499 2070 1630 2106 sane
1666 2055 1955 2118 luculenti;

388 2137 453 2172 ae
473 2121 714 2172 dolerem
736 2119 1017 2170 Gallorum
1037 2125 1349 2172 nostrorum
1369 2123 1561 2184 vicem,
1580 2138 1717 2188 quos
1733 2139 1772 2175 a
1790 2130 1845 2174 te
1867 2136 1954 2173 ce-

384 2190 520 2240 teris
543 2187 790 2238 omnibus
811 2186 973 2238 rebus
989 2187 1098 2236 iam
1117 2187 1327 2252 pridem
1344 2187 1537 2250 victos,
1546 2195 1802 2256 typorum
1821 2203 1953 2254 quo-

388 2269 492 2322 que
527 2255 862 2306 Graecorum
888 2253 1166 2320 elegantia
1192 2261 1504 2322 superatum
1528 2258 1599 2308 iri
1618 2257 1804 2316 video,
1843 2252 1952 2302 nisi

385 2321 507 2389 plus
525 2327 606 2383 te,
645 2334 804 2388 quam
822 2321 1116 2388 plerosque
1139 2321 1382 2383 illorum,
1414 2336 1669 2374 amarem.
1706 2373 1717 2388 Ι
1737 2318 1952 2370 Edendi

383 2394 563 2440 autem
595 2387 814 2455 Syriani
845 2388 1134 2458 eonsilium
1161 2389 1247 2438 eui
1272 2388 1495 2440 tandem
1528 2388 1945 2454 displiciturum,

337 2455 346 2471 '
383 2455 1121 2523 displiciunumvero‘ssimmo
1133 2457 1238 2520 cui,
1278 2457 1559 2524 uiquidem
1569 2455 1729 2506 homo
1742 2453 1948 2515 sit,non

381 2538 725 2592 summopere
749 2523 1075 2590 placiturum
1090 2530 1249 2592 putas
1318 2523 1645 2576 Germanum
1666 2520 1821 2572 illum
1842 2519 1945 2570 ite-

435 2675 476 2732 ·)
505 2675 688 2728 Bombo,
710 2675 781 2720 eui
799 2677 960 2732 ponte·
979 2673 1205 2718 dedicavit
1216 2671 1449 2718 Tibullum
1460 2666 1716 2718 nuumvid.
1725 2666 1789 2710 11.
1800 2635 1946 2724 epu.
