2275 3025
550 155 819 210 EPIST.
856 155 1014 207 Lm.
1053 154 1133 206 11.
1168 155 1286 208 ΕΡ.
1321 157 1488 208 XIX.
1731 157 1828 210 19⁷

225 269 310 318 ea,
348 255 551 324 quibus
585 256 675 306 ius
714 255 877 305 civile
919 255 1111 320 populi
1145 255 1384 306 Romani
1419 255 1822 309 continebatur.

224 321 362 372 Nam
392 337 515 372 cum
538 323 855 372 exstitisset
880 320 1184 385 antiquitus
1216 335 1416 388 magna
1452 323 1719 385 quaedain
1744 325 1825 375 vis

226 387 507 440 hominum
546 387 915 446 eruditorum,
956 388 1054 452 qui
1092 386 1281 452 leges,
1329 388 1827 452 senatusconsulta,

224 455 557 521 plebiscita,
597 453 785 503 edicta
817 453 1241 518 magistratuum
1281 456 1339 502 et
1373 452 1584 502 urbana
1613 458 1671 503 et
1707 468 1828 518 pro·

228 520 493 572 vincialia
528 525 647 570 tum
667 519 913 584 copiosis
932 525 991 568 et
1008 518 1293 580 uberibus,
1331 523 1447 568 tum
1467 518 1828 569 mundissimo

231 601 297 638 ae
316 585 657 636 nitidissimo
700 585 969 635 orationis
1008 598 1216 651 genere
1246 585 1471 650 scriptis
1501 591 1832 636 commenta-

232 653 331 702 riis
350 652 753 712 illustrassent,
793 650 1013 718 iamque
1047 651 1302 702 immensi
1325 651 1510 719 operis
1532 651 1832 712 videretur,

234 731 426 768 eorum
457 716 695 766 omnium
721 718 927 782 scripta
954 717 1308 784 pervolvere3
1335 717 1568 768 arduum
1591 715 1758 767 etiam
1778 727 1835 766 et

236 783 461 834 difficile
482 781 537 831 in
559 783 784 845 crebris,
804 790 867 834 ut
884 784 963 845 fit,
988 799 1180 835 eorum
1210 783 1678 844 dissensionibus,
1701 783 1834 850 quid

234 849 500 915 optimum
521 863 585 898 ac
604 850 949 902 verissimum
970 857 1140 911 esset,
1161 851 1438 912 iudicare:
1469 851 1521 901 ei
1553 850 1699 900 malo
1721 863 1834 900 me-

233 915 356 968 deri
374 917 601 980 cupiens
624 916 928 982 imperator
945 916 1300 978 Iustinianus,
1321 917 1608 983 negotium
1633 915 1832 966 Tribo-

230 983 397 1034 niano
419 987 477 1032 et
494 980 712 1046 aliquot
730 983 857 1032 aliis
880 981 1035 1033 dedit
1050 1017 1065 1042 ‚
1098 989 1161 1032 ut
1181 996 1250 1032 ex
1286 996 1478 1032 eorum
1508 982 1734 1047 scriptis
1766 995 1835 1030 ea

230 1053 441 1100 tantum
480 1055 863 1113 excerperent,
905 1062 1047 1114 quae
1069 1048 1232 1098 utilia
1250 1053 1471 1110 essent,
1505 1061 1756 1114 quaeque
1775 1047 1836 1098 in

228 1113 453 1166 iudiciis
475 1113 815 1164 obtinerent:
857 1128 998 1177 quae
1021 1128 1144 1162 cum
1181 1115 1239 1165 in
1276 1129 1443 1164 unum
1482 1127 1712 1180 eorpus,
1747 1126 1834 1163 re·

231 1180 403 1230 sectis
427 1179 660 1240 ceteris,
695 1179 891 1229 ordine
922 1179 1318 1246 digessissent,
1360 1179 1485 1230 sola
1521 1184 1836 1230 tererentur

233 1245 617 1299 studiosorum
643 1244 921 1306 manibus,
958 1247 1152 1310 eisque
1171 1245 1418 1296 laborem
1438 1247 1750 1297 minuerent
1767 1260 1834 1296 ac

232 1311 501 1362 levarent.
570 1311 642 1362 At
677 1311 780 1373 illi,
821 1309 924 1362 hac
948 1317 1230 1378 potestate
1250 1319 1500 1379 accepta,
1523 1327 1633 1363 non
1651 1317 1715 1364 ut
1733 1312 1836 1362 ille
1924 1371 1926 1373 ‚

231 1376 577 1433 Horatianus
618 1377 889 1456 agricola,
930 1379 1021 1444 qui
1058 1378 1273 1430 inutiles
1291 1395 1469 1429 ramos
1473 1378 1629 1448 falce
1648 1393 1830 1446 mapa·

234 1442 641 1513 tamfeb'ciores
658 1443 919 1508 amerit,*)
954 1445 1053 1496 sed
1074 1453 1136 1496 ut
1173 1445 1380 1496 milites
1413 1452 1644 1513 accepto
1668 1446 1830 1513 signo

234 1508 308 1563 ad
340 1511 598 1577 oppidum
632 1511 860 1579 aliq'uod
890 1512 1260 1578 diripiendum
1282 1527 1348 1563 ac
1367 1513 1833 1579 depraedandum,

234 1591 335 1643 per
352 1577 591 1629 medium
612 1580 699 1629 ius
720 1578 885 1629 civile
910 1586 1250 1645 grassantes,
1291 1584 1365 1639 et,
1397 1584 1460 1628 ut
1477 1580 1718 1643 quidque
1739 1576 1836 1625 ob-

236 1645 385 1695 vium
405 1649 543 1705 erat,
564 1644 899 1705 lacerantes,
918 1644 1240 1693 mutilantes
1254 1678 1269 1703 ,
1290 1643 1632 1692 trucidantes
1645 1678 1660 1702 ,
1679 1641 1838 1691 brevi

234 1716 491 1774 tempore
539 1708 911 1759 exhibuerunt
954 1708 1117 1759 nobis
1158 1713 1380 1757 veteres
1416 1706 1580 1757 ICtos
1599 1741 1617 1768 ,
1661 1708 1839 1757 instar

234 1773 536 1840 Deiphobi,

639 1878 707 1889 --
726 1851 930 1900 laceros
956 1848 1242 1901 crudeliter
1261 1864 1376 1912 ora,

449 1914 567 1966 Ora
586 1930 877 1983 manusque
894 1916 1095 1968 unibat:
1115 1917 1195 1977 *Ὀ

278 2031 515 2086 namque
556 2014 905 2082 disciplinam
942 2033 1148 2086 perpur
1188 2018 1383 2071 andam
1427 2032 1493 2069 ac
1529 2018 1840 2085 perpolien-

240 2035 371 2138 gam
410 2089 789 2163 susceperant,
812 2098 931 2136 eam
950 2084 1033 2137 ita
1072 2086 1139 2137 de
1171 2094 1476 2146 ormarunt,
1519 2092 1581 2137 ut
1607 2086 1699 2135 vix
1724 2085 1842 2135 ulla

238 2151 478 2218 amplius
517 2150 637 2200 eius
675 2149 859 2217 imago
900 2158 1236 2219 superesset.
1309 2152 1485 2213 Quam
1527 2151 1671 2201 enim
1699 2148 1842 2199 hanc

238 2217 630 2270 infelicitatem
669 2232 793 2267 esse
838 2218 1109 2281 dicemus,
1152 2218 1332 2286 quod,
1371 2234 1496 2269 cum
1523 2215 1631 2269 hoc
1664 2216 1749 2263 ius
1773 2227 1843 2265 ex

240 2283 497 2353 legibus,
540 2282 731 2346 sctis,
770 2283 1079 2351 plebiscitis
1101 2322 1115 2348 ,
1163 2286 1362 2336 edictis
1399 2283 1840 2348 magistratuum,

242 2349 736 2402 constitutionibus
791 2351 1132 2418 principum,
1175 2350 1464 2415 responsis
1547 2344 1844 2395 rudentum

242 2424 503 2469 constare
526 2416 759 2479 dicatur,
771 2416 938 2469 hodie
957 2419 1019 2467 in
1038 2418 1198 2469 libris
1217 2418 1355 2467 iuris
1365 2412 1516 2465 nulla
1550 2424 1619 2462 ex
1639 2414 1844 2473 exstat,

300 2505 319 2524 Ι

316 2498 341 2551 )
372 2498 921 2649 HonffinzssqijllssgueIJbJoe
940 2566 1095 2650 ramos
1111 2556 1358 2607 amputans

614 2620 637 2648 c
656 2619 820 2649 tenores
840 2621 978 2650 msera
1007 2637 1019 2649 .

300 2661 361 2717 ³⁸¹)
392 2662 523 2715 Vir-g.
540 2660 657 2704 Aen.
675 2661 757 2704 vl.
774 2665 874 2705 495.
893 2664 993 2704 496.
