2275 3025
453 197 518 250 18
971 198 1050 251 Μ.
1083 200 1147 251 Α.
1180 196 1493 273 MURETI

871 332 1003 387 ΧΠ.
1042 348 1265 386 mnan
1299 348 1619 386 usuum-io.

569 397 593 425 Ἱ

518 397 670 499 Ego
709 447 839 485 vero
868 435 1100 487 Herculi
1138 436 1384 502 quidem,
1422 436 1631 503 optimo
1660 441 1825 503 atque
1858 434 2029 488 hone-

453 501 700 552 stissimo
711 500 1076 565 adolescenti,
1107 518 1209 553 sua
1228 509 1285 553 et
1301 509 1398 553 tua
1412 518 1603 567 causa3
1638 502 1743 554 tibi
1759 517 1912 566 vero,
1931 508 2031 555 tua

455 573 512 619 et
537 583 660 619 mea
687 582 757 620 ex
783 571 965 621 animo
987 570 1255 636 gratulor.
1325 568 1464 621 Nam
1484 577 1541 621 et
1558 571 1729 639 ipsius
1747 572 1947 623 studiis
1974 580 2031 621 et

451 635 755 687 valetudini
779 641 908 687 tuae
935 636 1221 703 praeclare
1242 637 1586 701 consuletur,
1620 644 1679 689 et
1698 653 1803 705 ego
1826 639 2029 705 episto-

451 700 536 753 las
555 719 590 754 a
607 709 665 753 te
685 703 949 770 accipiam
968 718 1077 754 non
1098 704 1410 755 crebriores
1427 709 1639 755 tantum
1662 706 2027 773 etlongiores,

451 783 640 820 verum
661 769 844 831 etiam,
861 772 942 820 ita
959 784 1046 820 me
1067 769 1339 821 Hercules
1362 776 1521 831 amet,
1534 771 1824 823 nitidiores
1846 778 1901 823 et
1919 770 2028 821 ala-

454 838 683 886 criores.
752 834 860 887 Vel
883 836 1006 899 illa,
1037 852 1199 903 quam
1216 835 1383 887 hodie
1406 839 1619 902 accepi,
1685 854 1809 889 uam
1827 838 2030 890 festiva

455 902 562 953 est!
601 916 762 969 quam
773 900 992 955 hilaris!
1030 918 1193 971 quam
1212 904 1330 955 tua!
1365 904 1557 971 ltaque
1567 904 1661 954 Mo
1691 905 1831 955 'nius
1846 904 2028 956 exsul·

450 974 534 1020 tat
555 968 802 1036 quotidie
823 970 950 1021 addi
971 970 1178 1038 aliquid
1199 972 1268 1021 ad
1287 971 1535 1022 laborem
1556 985 1713 1022 suum
1739 973 1817 1035 1*)ε
1856 971 2025 1022 solet-

452 1050 557 1103 que
577 1034 712 1087 mihi
731 1052 895 1103 saepe
914 1038 970 1088 in
990 1038 1333 1090 sermonibus
1355 1039 1559 1101 dicere,
1578 1038 1858 1105 ingenium
1876 1046 2029 1089 tuum

453 1104 560 1154 sibi
580 1118 839 1171 agrorum
853 1104 1165 1158 Siculorum
1183 1106 1365 1158 simile
1385 1107 1588 1158 videri:
1625 1120 1656 1155 e
1678 1105 1873 1172 quibus

619 1203 837 1256 Aestiva
858 1214 1112 1273 quantum
1131 1206 1418 1271 decerpunt
1431 1206 1546 1257 luce
1566 1208 1808 1274 capellae,

625 1269 1130 1341 Tantumfecuudus
1146 1273 1325 1341 gelida
1343 1287 1431 1323 ros
1450 1281 1603 1323 nocte
1621 1273 1928 1341 reponit.**)

456 1370 595 1422 Heri
619 1372 746 1423 misi
772 1372 840 1422 ad
865 1379 924 1424 te
951 1374 1219 1439 reliquam
1242 1378 1454 1439 partem
1487 1372 1828 1426 scholiorum
1850 1377 1908 1427 in
1936 1377 2029 1425 Ti-

453 1438 681 1491 bullum.
750 1438 888 1491 Nam
925 1440 984 1490 in
1022 1446 1275 1507 quartum
1310 1439 1508 1491 librum
1535 1456 1632 1492 cur
1658 1439 1763 1492 hoc
1782 1450 2029 1509 tempore

455 1504 595 1557 nihil
611 1507 866 1570 scribam,
886 1523 1085 1576 magna
1104 1523 1270 1560 causa
1289 1515 1391 1560 est.
1461 1508 1809 1576 Propertium
1831 1525 2029 1577 urgeo:

457 1577 611 1626 cuius
639 1575 960 1642 principium
987 1576 1177 1641 paucis
1201 1575 1393 1627 diebus
1415 1577 1485 1627 ad
1502 1584 1558 1627 te
1579 1578 1814 1640 mittam,
1847 1578 1903 1629 id
1924 1584 2030 1639 est,

458 1657 579 1694 cum
600 1641 808 1695 Tibulli
837 1644 984 1710 quod
1010 1643 1079 1694 ab
1101 1637 1285 1711 operis
1306 1643 1639 1711 descriptum
1663 1650 1774 1707 est,
1804 1659 2029 1710 accepe-

454 1724 538 1761 ro.
609 1710 990 1764 Columbinum
1017 1719 1169 1764 tuum
1203 1711 1351 1773 misi,
1378 1711 1470 1777 qui
1491 1711 1562 1763 ad
1580 1727 1667 1763 me
1690 1716 2028 1776 accerseret3

457 1776 624 1829 sedis
658 1781 882 1846 negavit
900 1795 960 1830 se
981 1779 1130 1831 domi
1151 1793 1292 1830 esse.
1364 1780 1521 1842 Cras,
1560 1779 1732 1830 sinon
1752 1779 1915 1830 modo
1938 1793 2029 1828 co-

453 1843 732 1907 lumbinis,
743 1845 842 1896 sed
853 1847 1112 1912 aquilinis
1133 1847 1301 1898 etiam
1321 1845 1532 1907 feratur
1541 1847 1664 1909 alis,
1675 1861 1785 1896 non
1797 1844 2031 1912 effugiet

456 1910 794 1977 colloquium
814 1927 1010 1964 meum.
1079 1912 1289 1977 Valde,
1318 1916 1392 1967 mi
1415 1914 1653 1976 Manuti‚
1682 1909 1833 1978 κᾷμὲ,
1864 1909 2028 1978 ὥσπερ

455 1979 675 2037 εἴωθας,
714 1975 986 2044 οἶντιφιλῶν
1011 1978 1247 2028 διατέλει.
1320 1995 1421 2032 vn.
1449 1980 1683 2031 Kalend.
1703 1979 1863 2032 lunii.
1884 1979 2031 2029 Mira

450 2043 574 2105 illa,
613 2043 681 2096 de
724 2045 921 2111 quibus
959 2043 1094 2096 mihi
1117 2045 1381 2097 Molinius
1410 2049 1735 2113 scripserat,
1768 2049 1818 2098 si
1845 2053 2027 2115 potes,

456 2111 654 2175 scribe,
676 2118 772 2163 aut
789 2116 976 2179 aperte
996 2118 1092 2162 aut
1110 2113 1445 2175 συμβολικῶς.

851 2297 1018 2350 Xlll.
1056 2312 1272 2350 Emis-,m
1309 2311 1619 2350 assumo.

523 2362 608 2447 Si
633 2397 772 2450 nihil
798 2406 883 2451 est
909 2399 1059 2451 aliud
1089 2406 1310 2466 praeter
1335 2399 1605 2452 occultam
1627 2398 1894 2467 quandam
1916 2402 2029 2451 coi·

449 2465 684 2529 tionem,
711 2465 914 2520 factam
931 2484 966 2519 a
983 2468 1199 2520 duobus
1221 2467 1454 2530 civibus,
1485 2469 1674 2521 amicis
1696 2467 1926 2529 nostris,
1958 2466 2029 2516 ad

508 2548 548 2604 ⁸)
580 2546 768 2592 Molinio
805 2552 948 2600 enim,
985 2551 1062 2606 qui
1090 2551 1205 2594 lianc
1232 2552 1280 2594 iu
1305 2564 1399 2594 rem
1420 2549 1645 2593 detulerat
1672 2559 1857 2601 operam
1886 2561 2027 2600 sinam,

453 2604 777 2647 describendae
798 2607 1020 2650 dabantur
1039 2608 1342 2658 Manutiauae,
1362 2609 1413 2650 ut
1432 2607 1608 2650 edituro
1628 2618 1707 2648 eas
1728 2604 1933 2646 Manutio
1954 2617 2028 2648 re·-

449 2661 569 2704 mitti
587 2668 789 2715 possent.
841 2662 947 2704 vid.
967 2662 1055 2706 111.
1076 2677 1151 2720 ep.
1171 2667 1211 2707 6.

507 2730 569 2787 ¹²¹²)
601 2730 674 2774 cf.
695 2731 820 2785 virg.
844 2731 1007 2786 Georg.
1026 2732 1090 2776 11.
1107 2738 1202 2777 201.
1222 2737 1317 2780 202.
