2275 3025
560 137 821 190 EPIST.
858 135 1009 188 LIB.
1047 135 1088 186 l.
1126 135 1248 187 ΕΡ.
1285 134 1442 188 Lvl.
1849 135 1914 190 91

331 239 635 294 orationum
674 253 738 288 ae
776 240 1081 304 poi-‘matum
1120 244 1332 286 tuorum
1357 236 1568 300 librum,
1645 253 1762 289 uem
1787 253 1915 290 sane

328 307 440 377 legi
471 304 819 358 libentissime.
896 299 1178 354 Orationes
1234 299 1447 353 habitae
1483 304 1544 354 de
1578 254 1918 371 pailosopliia

330 391 413 426 me
434 375 777 432 delectarunt,
793 376 1049 435 quantum
1067 367 1157 418 vix
1177 368 1386 420 eredas.-
1409 383 1582 421 omnes
1595 385 1717 422 vero
1730 387 1791 422 ea
1814 372 1916 423 elo·

334 440 550 510 quentia
588 453 652 489 ac
690 434 934 486 doctrina
954 433 1281 502 conscriptas
1301 439 1409 487 esse
1433 435 1607 499 video,
1637 445 1721 500 ut,
1745 453 1916 504 quem-

333 507 617 560 admodum
636 518 751 553 mea
756 502 883 573 fert
903 501 1102 569 opinio,
1144 517 1300 570 quam
1321 511 1498 556 tamen
1518 503 1585 554 ab
1605 519 1784 554 amore
1789 503 1924 574 falli

334 591 444 625 non
468 570 701 630 credam,
735 584 935 619 summa
1000 568 1011 581 ‘
1050 576 1140 619 eat
1157 571 1236 620 elo
1275 569 1456 622 nentia
1472 569 1778 637 praestanti
1804 585 1922 622 eum

338 637 634 691 eruditione
656 635 947 687 coniuncta.
1074 652 1141 688 on
1160 651 1251 688 ver
1287 653 1438 688 orum
1479 635 1798 705 elegantiam
1827 646 1925 689 aut

336 722 363 756 s
401 704 685 764 lendorem,
732 719 839 755 non
872 703 1250 755 sententiarum
1280 703 1607 772 gravitatem
1643 703 1918 756 desideres.

344 721 490 834 guid
506 778 583 821 est
599 771 679 821 vel
692 768 809 822 anti
842 769 1024 821 uitatis
1059 771 1143 822 vel
1159 769 1413 823 historiae
1450 772 1532 822 vel
1547 771 1918 851 exemplorum,

344 837 486 905 quod
500 853 602 888 non
621 835 697 888 ita
707 853 809 903 pro
843 852 977 900 eras,
999 845 1063 888 ut
1078 836 1215 887 nihil
1229 837 1486 905 ignorare
1505 837 1768 891 videaris.²
1817 837 1925 890 Sed

339 902 529 955 mirari
543 903 669 954 satis
689 921 797 954 non
805 918 1021 971 possum
1032 939 1047 966 ,
1069 919 1229 981 quam
1245 913 1460 956 venuste
1481 915 1784 973 quantaque
1804 922 1922 958 eum

340 970 599 1040 dignitate
634 968 933 1037 theologiae
976 971 1103 1034 locis
1131 985 1220 1020 eas
1240 984 1589 1039 perspergere
1621 973 1887 1024 consueris
1896 988 1924 1036 ‚·

336 1037 417 1090 ita
428 1038 527 1107 fit,
566 1046 629 1088 ut
657 1045 711 1088 et
736 1051 991 1087 summum
1020 1043 1288 1086 oratorem
1315 1037 1638 1104 exprimant,
1681 1039 1924 1107 orantique

337 1104 679 1156 scientiarum
694 1119 890 1170 genere
903 1101 1226 1180 perpolitum
1256 1104 1542 1155 redoleant.
1614 1103 1760 1168 Quas
1780 1105 1922 1173 equi·

340 1172 457 1222 dem
489 1171 609 1220 dum
640 1171 782 1237 lego,
824 1177 921 1219 etsi
946 1166 1141 1234 ἄφωνοι
1173 1177 1320 1232 sunt}
1360 1170 1545 1223 crebro
1577 1179 1750 1223 tamen
1769 1188 1923 1224 aures

340 1254 488 1290 meae
496 1237 783 1305 praeclara
802 1235 891 1287 illa
910 1251 1034 1286 voce
1053 1242 1165 1298 tua,
1190 1251 1293 1304 qua
1303 1239 1616 1306 praelegens
1633 1238 1690 1290 in
1699 1239 1926 1307 publicis

335 1303 628 1375 gymnasiis
657 1302 842 1365 uteris,
875 1318 1170 1370 personare
1207 1303 1466 1355 videntur.
1536 1304 1793 1358 Poe‘mata
1827 1306 1923 1359 mi·

341 1389 460 1424 rum
478 1371 534 1423 in
553 1372 762 1422 modum
780 1386 861 1421 me
880 1378 1146 1437 ceperunt.
1206 1369 1351 1434 Quid
1367 1375 1502 1423 enim
1520 1374 1652 1425 vela
1672 1373 1922 1426 diuturno

340 1439 514 1491 studio
535 1441 664 1490 vela
684 1437 839 1490 divite
858 1453 989 1489 vena
998 1436 1277 1506 proficisci
1285 1447 1488 1506 potest,
1525 1442 1668 1508 quod
1684 1440 1926 1511 nonfue·

340 1507 416 1559 ris
436 1506 773 1560 consecutus!
790 1515 844 1558 et
896 1504 1066 1557 uidem
1085 1514 1196 1557 tum
1213 1505 1306 1557 illa
1316 1516 1561 1573 prosunt,
1576 1516 1686 1559 tum
1703 1525 1925 1575 niagno-

336 1592 465 1643 pere
512 1574 783 1625 delectant.
891 1573 1089 1623 ”rebrae
1125 1581 1253 1623 sunt
1299 1581 1348 1624 et
1378 1582 1565 1625 acutae
1604 1583 1928 1638 sententia&

341 1642 503 1693 miros
516 1640 735 1708 pietatis
758 1639 1017 1707 igniculos
1039 1638 1278 1690 excitant
1282 1656 1307 1701 ,-
1343 1639 1493 1690 stilus
1522 1656 1724 1707 quoque
1752 1640 1830 1691 ita
1850 1640 1931 1692 rei

343 1716 738 1768 consentaneus,
758 1714 821 1757 ut
822 1705 996 1776 facile
1018 1704 1184 1773 quivis
1204 1705 1491 1773 intelligat,
1535 1715 1586 1757 te
1596 1722 1785 1773 parem
1804 1722 1926 1759 ean-

346 1777 560 1843 demque
579 1774 870 1839 inutroque
886 1788 1082 1853 genere
1092 1772 1296 1823 laudem
1307 1781 1616 1824 assecutum.
1664 1772 1926 1837 Quamob·
1958 1792 1984 1818 ο

345 1858 456 1895 rem
488 1840 585 1893 tibi
625 1840 1038 1906 cumplurimum
1061 1838 1246 1900 debeo,
1283 1847 1392 1889 tum
1410 1855 1532 1890 vero
1559 1838 1742 1909 quibus
1759 1843 1928 1895 verbis

388 1908 554 1961 ratias
576 1923 761 1975 agam,
805 1921 912 1957 non
932 1905 1176 1973 reperio.'
1230 1904 1337 1958 Sed
1355 1920 1480 1958 eave
1506 1908 1806 1976 suspiceris,
1848 1926 1930 1962 me

386 1992 449 2028 oe
465 1975 681 2027 auribus
697 1972 801 2025 tuis
821 1974 965 2027 dare.
1038 1970 1178 2027 Nam
1197 1972 1297 2025 etsi
1325 1972 1547 2042 mirifice
1565 1976 1762 2029 amicos
1783 1979 1924 2040 colo,

336 2045 457 2113 plus
478 2052 652 2095 tamen
666 2040 885 2093 veritati
903 2039 1097 2091 tribuo.
1173 2039 1331 2104 Quod
1347 2041 1484 2093 enim
1508 2042 1588 2095 ita
1607 2045 1775 2095 sentio
1791 2078 1808 2104 ,
1845 2043 1925 2094 id-

347 2109 487 2165 cireo
520 2126 688 2164 meam
718 2109 779 2159 de
818 2108 921 2159 tuis
958 2107 1272 2160 sententiam
1305 2108 1512 2176 aperire
1537 2126 1644 2161 non
1671 2109 1924 2161 dubitavi.

352 2175 568 2228 Utinam
587 2176 790 2245 aliquid
805 2183 937 2227 esset
954 2179 1011 2227 in
1034 2191 1112 2228 me
1127 2174 1358 2243 ingenii,
1399 2185 1462 2227 ut
1476 2177 1653 2227 laudes
1681 2184 1798 2227 tuas
1818 2191 1927 2228 non

345 2245 629 2296 detererem
644 2278 659 2304 ,
698 2243 790 2294 sed
814 2258 1079 2310 augerem.
1151 2242 1274 2294 Scio
1302 2242 1362 2294 iel
1375 2258 1410 2293 a
1429 2240 1683 2293 modestia
1717 2250 1810 2291 tua
1829 2242 1923 2293 mi·

341 2309 480 2363 nime
492 2308 761 2378 postulari
764 2327 790 2371 ;
809 2308 971 2361 malui
992 2318 1166 2361 tamen
1185 2307 1434 2361 iudicium
1436 2307 1740 2374 periclitari
1756 2323 1927 2362 meum

343 2378 586 2440 dicendo,
628 2392 781 2445 quam
799 2375 1004 2429 silentio
1024 2392 1134 2429 rem
1157 2392 1262 2427 non
1280 2376 1391 2426 sine
1417 2389 1478 2424 su
1539 2372 1710 2425 icione
1727 2373 1923 2443 impro-

344 2444 523 2497 bitatis
542 2442 859 2513 praeterire.
929 2440 1021 2493 Da
1054 2458 1292 2509 operam,
1334 2449 1396 2491 ut
1419 2456 1483 2492 va
1503 2455 1620 2502 eas,
1659 2448 1819 2509 atque
1843 2458 1926 2493 me

342 2528 511 2580 spsum
521 2527 626 2563 una
636 2526 752 2562 cum
771 2506 1244 2625 universassamilia
1263 2522 1380 2557 mea
1389 2504 1462 2556 ad
1477 2506 1653 2557 omnia
1663 2513 1924 2573 tuapara-

344 2578 600 2633 tissimum
610 2593 717 2631 esse
729 2575 979 2645 confidas.
1069 2582 1202 2624 eate.
1214 2586 1293 2623 vt.
1306 2570 1440 2624 Idib.
1453 2570 1622 2637 April.
1634 2584 1922 2625 unnxxvt.
