2275 3025
1432 138 1453 171 Ι

563 194 818 269 Epls'r.
855 194 1004 247 Lm.
1043 194 1085 247 1.
1121 194 1239 247 ΕΡ.
1275 195 1431 247 XLI.
1720 194 1785 249 69

195 297 326 365 gius
365 295 808 363 progredientem
847 297 904 347 in
945 310 1012 347 ea
1037 296 1152 357 via,
1191 311 1349 363 quam
1384 312 1473 349 me
1511 296 1615 348 tibi
1654 296 1786 346 olim

193 369 508 417 monstrare
528 364 772 415 memini:
810 364 916 414 etsi
937 370 996 414 tu
1019 363 1262 430 quidem,
1290 370 1351 414 ut
1369 379 1402 414 a
1420 378 1507 415 me
1530 362 1786 415 discessi·

193 430 292 492 sti,
309 428 502 493 multo,
525 446 686 496 quam
707 444 812 497 ego
833 446 970 491 sum,
993 430 1253 481 meliores
1274 431 1572 497 magistros
1592 438 1785 483 nactus

199 512 282 548 es.
355 496 466 548 Sed
487 497 617 563 quid
635 496 780 548 tum&
814 496 1075 548 blandior
1094 496 1224 548 mihi
1248 500 1564 563 γεροντικῶς,
1586 504 1641 547 et
1662 500 1789 565 quia

195 572 256 616 te
297 563 428 614 olim
455 564 644 616 nescio
672 565 800 631 quid
828 564 1015 628 docui,
1055 564 1251 615 videor
1276 563 1409 627 mihi
1435 571 1515 625 te,
1557 560 1789 631 quantus

199 637 437 699 quantus
460 646 544 693 ee,
573 637 669 681 aut
687 631 872 699 potius
897 632 1369 698 quantus·futurus
1391 646 1477 695 es,
1505 631 1790 699 produxis-

199 714 284 751 se.
355 698 464 749 Sed
485 704 544 749 ut
569 696 705 748 haec
729 702 898 751 missa
921 698 1147 761 faciam,
1186 700 1317 751 scin’
1342 705 1428 763 tu,
1456 714 1541 751 me
1568 712 1742 765 nuper
1760 713 1794 748 a

199 766 477 817 Pontifice
497 768 696 817 iterum
719 768 1034 834 antiquo,ut
1057 768 1137 817 ait
1155 767 1498 831 Horatius‚*)
1521 766 1791 833 inclusum

201 832 372 885 ludoss
410 832 541 883 Cum
565 836 706 885 enim
730 833 1020 885 Caesarius
1043 834 1337 885 multorum
1357 834 1466 885 iam
1488 834 1790 900 stipendio-

199 915 323 951 rum
348 906 639 951 veteranus
666 901 987 952 missionem
1015 902 1393 966 impetrasset,
1420 907 1653 968 egerunt
1679 915 1787 951 me-

203 982 328 1018 cum
347 968 578 1034 primum
601 967 922 1019 cardinales
940 1004 954 1029 ,
988 967 1186 1019 deinde
1210 967 1377 1017 etiam
1396 966 1549 1022 αὐτὸς
1570 965 1597 1015 ὁ
1620 964 1787 1033 ἀρχιε-

202 1028 342 1101 ρεύς,
380 1040 442 1085 ut
479 1048 597 1085 eam
633 1034 971 1101 provinciam
1003 1036 1361 1100 susciperem.
1428 1033 1607 1085 Multa
1633 1048 1791 1101 argu-

202 1107 389 1153 menta
407 1100 580 1152 allata
599 1108 742 1164 sunt,
766 1116 903 1168 quae
925 1116 1012 1151 me
1033 1107 1337 1162 moverent,
1358 1101 1458 1151 sed
1477 1117 1641 1153 unum
1664 1098 1791 1148 ἅλυ-

203 1162 319 1217 τον“
337 1168 420 1216 καὶ
459 1167 706 1233 ἄφυκτον,
756 1169 904 1236 quod
942 1181 1046 1234 pro
1081 1168 1333 1217 ducentis
1373 1169 1555 1219 aureis
1594 1168 1791 1225 annuis

205 1236 640 1303 quadringentos
667 1239 1099 1301 proposuerunt:
1156 1232 1362 1286 homini
1394 1243 1574 1289 autem
1604 1236 1791 1303 egenti
1843 1249 1849 1262 ¹

207 1308 264 1355 et
281 1309 508 1369 propter
527 1302 898 1353 imminentem
926 1308 1267 1353 senectutem
1286 1302 1471 1369 paullo
1492 1304 1563 1354 ad
1581 1318 1697 1354 rem
1716 1308 1795 1354 at·

206 1370 438 1423 tentiori
469 1368 678 1421 nullum
709 1370 1167 1422 medicamentum
1208 1370 1456 1422 adhiberi
1477 1372 1663 1438 potuit
1682 1370 1792 1422 effi-

209 1438 412 1491 cacius.
481 1436 674 1504 ltaque
705 1436 900 1489 redibo
926 1440 1033 1489 iam
1063 1438 1134 1488 ad
1164 1448 1383 1491 veteres
1411 1438 1542 1490 illos
1565 1451 1795 1505 conger-

211 1519 376 1557 mnes
393 1520 576 1568 meos,
605 1504 952 1569 Ciceronem,
982 1506 1300 1569 Horatium,
1324 1514 1567 1570 ceteros,
1590 1513 1647 1558 et
1663 1503 1798 1556 mihi

211 1572 655 1639 quoddammodo
691 1588 1086 1640 repuerascere
1119 1575 1367 1624 videbor.
1438 1559 1795 1624 'I'umultuan-

209 1653 302 1690 tur
319 1646 521 1701 tamen,
544 1640 633 1705 qui
657 1655 727 1692 ex
744 1655 830 1691 me
851 1641 1161 1690 pandectas
1184 1641 1498 1701 audiebant,
1518 1646 1576 1689 et
1594 1646 1797 1704 negant

213 1721 275 1758 se
333 1721 602 1773 uenquam
623 1706 789 1758 alium
809 1706 957 1758 ferre
978 1721 1168 1773 posse:
1204 1707 1453 1772 plerique
1478 1708 1669 1766 etiam,
1688 1706 1793 1753 nisi

213 1722 590 1835 meqhabeant,
628 1773 1096 1840 lurisprudentiae
1123 1788 1185 1822 se
1214 1773 1435 1824 multam
1462 1773 1698 1824 salutem
1720 1772 1796 1823 di-

217 1846 405 1892 cturos
451 1856 574 1891 esse
607 1841 952 1908 profitentur.
1023 1840 1134 1906 Ipsi
1171 1840 1427 1892 viderint.
1496 1840 1619 1908 Ego
1658 1837 1797 1890 ludi-

213 1907 430 1960 bundus
455 1908 887 1978 quadringentos
908 1906 1038 1959 illos
1061 1909 1353 1973 quotannis
1374 1909 1427 1958 in
1448 1908 1799 1970 arcamsteot'

215 1975 492 2035 θέλοντος,
523 1975 872 2038 concludam,
893 1981 955 2026 ut
975 1977 1048 2026 sit
1066 1974 1363 2041 aliquando
1385 1975 1527 2027 unde
1550 1979 1667 2033 otio
1689 1974 1799 2026 frui

215 2043 444 2110 possim.
515 2043 746 2094 Beatum
786 2049 870 2106 te,
910 2043 1004 2110 qui
1036 2057 1156 2094 eam
1185 2045 1398 2094 vivendi
1422 2045 1693 2096 rationem
1721 2043 1801 2092 in-

218 2124 444 2178 gressus
467 2125 546 2173 es,
568 2112 663 2163 ubi
681 2127 715 2163 a
733 2111 935 2163 talibus
957 2111 1102 2161 curis
1123 2113 1333 2162 animus
1356 2111 1499 2163 liber
1520 2118 1621 2162 est.
1670 2108 1801 2160 Noli

219 2184 400 2229 tamen
427 2181 650 2244 putare,
690 2194 723 2229 a
749 2191 835 2229 me
863 2179 984 2246 ipso
1014 2176 1151 2228 haec
1180 2179 1259 2229 ita
1278 2179 1484 2240 curari,
1523 2184 1587 2229 ut
1604 2191 1801 2243 angar:

219 2241 464 2312 λαμβάνω
492 2242 553 2294 τὰ
583 2243 852 2310 διδόμενα,
875 2253 930 2296 et
952 2246 1082 2312 quia
1102 2261 1274 2312 usque
1298 2245 1401 2296 huc
1423 2244 1606 2312 paullo
1628 2258 1695 2293 ne
1738 2243 1802 2291 li-

222 2312 446 2382 gentior
473 2311 578 2374 fui,
616 2327 688 2364 ex
712 2313 810 2364 illa
835 2313 1179 2428 neqligentia
1204 2314 1286 2364 ita
1314 2311 1522 2377 aliquid
1550 2311 1708 2362 detra
1748 2325 1802 2370 o,

220 2385 282 2430 ut
305 2377 446 2430 nihil
471 2377 754 2431 detraham
777 2395 844 2430 ex
863 2377 916 2428 hi
944 2381 1159 2431 aritate.
1229 2379 1681 2439 Adolescentem,
1746 2379 1803 2430 ni

221 2445 355 2498 mihi
367 2446 583 2502 litteras
600 2446 1005 2508 tuasreddidit,
1027 2447 1139 2497 vidi
1167 2446 1530 2512 perlibenter,
1568 2451 1626 2496 et
1651 2445 1727 2496 mi
1746 2448 1805 2506 ii,

258 2519 480 2564 uantum
517 2527 585 2564 ex
623 2529 732 2564 una
765 2513 1140 2566 collocutione
1180 2509 1530 2563 existimandi
1556 2519 1806 2578 potestas

233 2639 236 2644 ⁸
283 2581 348 2644 it,
369 2581 520 2631 visus
543 2585 630 2630 est
647 2588 744 2631 tua
764 2580 1243 2631 commendatione
1264 2573 1637 2644 dignissimus.
1710 2577 1805 2627 Sa·

219 2647 338 2698 luta
361 2645 522 2709 mihi,
559 2647 609 2698 si
640 2663 778 2716 quos
806 2647 936 2698 istic
965 2645 1116 2695 nosti
1144 2643 1425 2694 studiosos
1453 2645 1577 2694 mei.
1648 2639 1806 2697 Vale,

277 2727 317 2782 ⁸)
349 2726 438 2782 Ep.
458 2725 496 2769 1.
521 2731 559 2770 1.
580 2728 621 2768 8.
