2275 3025
717 166 977 221 EPIST.
1011 167 1161 221 LIB.
1197 171 1238 224 1.
1274 172 1390 226 ΕΡ.
1425 173 1526 227 IV.
1844 177 1907 227 11

335 268 418 319 ita
457 280 524 316 ue
545 265 763 319 assidue
780 270 1035 333 mereris,
1072 272 1225 323 nulle
1241 276 1381 327 utin
1405 289 1467 325 re
1490 291 1563 327 un
1602 288 1727 327 uam
1760 290 1794 329 a
1810 280 1909 329 tuo

335 339 427 385 stu
467 332 522 383 io
544 333 856 401 discrepare
876 337 1074 388 debeat
1092 339 1345 391 voluntas
1363 356 1502 393 mea.
1613 342 1682 393 ed
1702 356 1909 411 quaeso

331 406 416 462 te,
448 400 578 466 quid
596 407 655 451 tu
675 400 861 455 facere
883 405 1127 471 cogitas?
1154 421 1225 457 an
1241 406 1387 458 forte
1408 410 1599 460 eadem
1622 424 1791 476 opera
1810 410 1909 461 Ca·

330 466 529 519 tullum
566 483 690 519 cum
717 472 1106 523 commentario
1135 489 1287 537 meo,
1324 475 1603 527 Tibullum
1639 483 1821 530 autem
1849 488 1907 529 et

330 532 682 601 Propertium
701 537 818 588 sine
838 538 951 590 ullo
974 542 1365 593 commentario
1388 544 1662 604 emittere,
1699 559 1905 613 eosque

330 606 448 653 tres
469 618 634 653 unum
658 602 716 654 in
741 604 937 658 librum
957 609 1323 688 coniungere}
1374 610 1512 661 Tale
1534 610 1678 660 enim
1698 610 1908 677 aliquid

332 668 467 721 mihi
499 672 652 721 venit
683 672 740 721 in
774 680 1010 725 mentem
1046 677 1331 743 suspicari.
1399 677 1527 728 Hoc
1563 677 1612 727 si
1652 683 1762 738 est,
1798 692 1910 729 non

335 736 590 804 equidem
610 738 976 805 reprehendo,
1015 758 1192 810 neque
1211 744 1487 812 improbo;
1528 744 1692 796 etiam
1710 744 1909 795 librum

333 810 466 869 puto
485 804 903 859 vendibiliorem
922 806 1066 861 fore:
1106 811 1204 872 sed
1225 817 1405 863 tamen
1422 828 1646 874 novum,
1674 818 1735 863 ut
1754 817 1909 879 puto,

332 870 517 923 multis
539 872 828 925 videbitur.
884 874 982 927 Sin
999 877 1111 929 alia
1128 880 1394 945 quaedam
1412 886 1509 931 tua
1524 882 1670 930 ratio
1692 886 1794 942 est,
1814 877 1905 931 fec

337 944 396 989 ut
414 938 600 991 sciam.
669 939 825 1004 Nam,
847 942 897 993 si
916 958 1021 1010 ego
1031 951 1191 996 recte
1212 946 1439 1009 conieci,
1456 948 1537 995 καὶ
1554 948 1646 1009 τῆς
1665 947 1754 1009 σῆς
1774 962 1910 1012 προ-

334 1006 570 1070 αιρέσεως
594 1008 853 1070 ἐπέτυχον,
893 1011 1102 1076 capiam
1127 1011 1367 1064 fortasse
1394 1013 1604 1080 aliquid
1629 1016 1758 1065 novi
1780 1027 1907 1063 con-

335 1072 477 1134 silii,
535 1073 682 1140 quod
722 1075 824 1126 tibi
861 1092 970 1127 non
1019 1078 1420 1145 displiciturum
1456 1093 1580 1130 esse
1619 1080 1906 1130 confidam.

331 1137 520 1191 Hodie
546 1144 901 1194 constitutum
922 1142 1128 1195 factum
1166 1151 1285 1195 erat
1311 1161 1433 1197 cum
1444 1146 1657 1196 *amieis
1688 1145 1910 1211 quibus·-

329 1205 490 1269 dam,
523 1213 587 1258 ut
609 1208 681 1259 ad
699 1210 1038 1289 Torquatum
1064 1211 1338 1265 adiremus
1356 1228 1489 1265 una:
1525 1213 1623 1264 sed
1651 1211 1756 1263 hoc
1776 1218 1908 1263 tem-

329 1288 438 1341 -pus
459 1275 713 1339 nubilum,
738 1276 1124 1345 caliginosum,
1145 1278 1453 1347 pluviosum
1470 1294 1686 1343 vereor,
1706 1294 1773 1331 ne
1790 1279 1909 1335 illis

337 1339 544 1404 obstet,
582 1357 689 1410 quo
717 1346 896 1396 niinus
921 1346 992 1397 ad
1013 1361 1102 1397 me
1127 1347 1365 1399 veniant.
1432 1347 1519 1399 De
1546 1348 1671 1401 loco
1694 1347 1907 1398 Plutar-

334 1405 426 1459 chi
457 1407 591 1462 mihi
637 1425 744 1477 quo
785 1425 853 1462 ue
887 1428 954 1464 co
999 1414 1156 1466 ‘tanti
1190 1430 1257 1467 ac
1290 1415 1577 1474 scribenti,
1613 1416 1909 1482 permirum

329 1488 433 1544 per
473 1490 539 1528 ue
557 1478 770 1530 incredi
805 1479 882 1532 ile
906 1482 960 1531 vi
1001 1481 1213 1534 ebatur.
1280 1483 1599 1535 Accuratius
1623 1482 1795 1551 igitur
1816 1495 1907 1533 co-

333 1544 452 1610 gita
491 1560 547 1606 o,
588 1552 646 1597 et
680 1561 801 1598 cras
839 1554 936 1599 aut
964 1563 1228 1602 summum
1265 1551 1526 1618 perendie
1552 1555 1727 1602 totam
1752 1550 1905 1600 illam

330 1611 602 1663 rationem
627 1613 994 1667 minutissime
1034 1617 1118 1666 καὶ
1148 1620 1211 1678 τῆ
1242 1615 1575 1682 ἆκριβολογίᾳ
1600 1616 1663 1677 τῆ
1692 1616 1905 1681 μεγίστῃ

332 1675 668 1743 confectam,
707 1681 777 1732 ad
811 1686 868 1734 te
903 1684 1132 1734 mittam.
1182 1667 1348 1744 'Quid
1384 1667 1648 1748 empliusi
1704 1681 1905 1732 Uxoris

329 1749 460 1796 tuae
486 1744 712 1798 fratrem
743 1749 982 1801 nondum
1017 1749 1147 1801 vidi.
1215 1748 1486 1800 Hercules
1524 1762 1742 1815 quoque
1777 1754 1903 1799 tuus

323 1818 488 1864 sexto
510 1819 603 1865 aut
621 1817 856 1882 septimo
877 1815 1076 1868 abhinc
1094 1816 1185 1866 die
1206 1814 1357 1866 venit·
1372 1815 1442 1866 nd
1466 1829 1575 1878 me,
1614 1829 1789 1882 neque
1809 1830 1901 1866 un-

331 1894 491 1958 quam
515 1881 710 1948 postea
749 1882 931 1934 rediit.
1001 1883 1121 1949 Ego
1144 1889 1349 1946 autem,
1388 1881 1604 1950 quando
1624 1883 1905 1949 praesenti

327 1946 432 1998 tibi
452 1949 692 2000 studium
709 1950 768 2000 in
783 1956 842 2000 te
861 1963 1042 2001 meum
1060 1949 1340 2001 declarare
1350 1966 1457 2003 non
1476 1964 1718 2017 possum,
1730 1951 1902 2002 liben-

325 2014 538 2066 tissime
580 2016 742 2080 illud,
779 2016 1116 2084 excipiendis
1152 2023 1212 2068 et
1232 2013 1354 2067 καθ’
1378 2013 1497 2065 ὅσον
1522 2013 1631 2066 οἷόν
1654 2034 1708 2066 τε
1754 2016 1903 2068 omni

325 2095 530 2147 genere
552 2083 718 2135 officii
736 2085 1133 2152 prosequendis
1152 2087 1263 2136 tuis
1283 2084 1636 2135 declararem.
1714 2084 1898 2146 Quare

326 2149 456 2212 etsi,
496 2151 628 2216 quid
653 2166 843 2203 eorum
869 2167 1035 2204 causa.
1058 2154 1289 2221 possim,
1331 2165 1439 2202 non
1465 2151 1654 2213 video,
1692 2157 1786 2200 aut
1803 2164 1899 2215 po-

321 2215 465 2279 tius,
501 2215 642 2267 nihil
667 2233 830 2286 posse
856 2235 942 2271 me
986 2233 1158 2287 prope
1194 2219 1380 2286 video:
1418 2224 1599 2269 tamen
1628 2217 1735 2268 erit
1764 2214 1900 2267 mihi

320 2289 661 2350 pergratum,
699 2289 748 2335 si
766 2285 846 2336 ita
864 2287 933 2337 ad
954 2301 1050 2338 eos
1072 2286 1359 2352 scripseris
1373 2321 1388 2347 ‚
1414 2284 1553 2335 hanc
1574 2283 1791 2334 domwn
1809 2297 1897 2334 se·

321 2363 431 2416 que
451 2349 586 2417 ipsis
607 2357 794 2419 patere
813 2367 877 2404 ac
893 2357 1247 2419 tuam,ueque
1270 2350 1399 2418 quid
1438 2366 1561 2402 uam
1582 2349 1715 2402 mih:
1731 2363 1897 2418 posse

321 2416 575 2468 accidere
607 2420 840 2485 gratius,
879 2436 1040 2488 quam
1057 2421 1102 2472 si
1123 2433 1210 2471 me
1238 2419 1343 2485 ipsi
1373 2433 1407 2468 a
1429 2417 1580 2484 iquid
1607 2433 1706 2469 sua
1732 2430 1899 2468 causa

319 2481 508 2534 facere
527 2485 770 2537 iubeant.
835 2487 967 2538 Ama
981 2501 1089 2549 me,
1109 2487 1184 2537 mi
1202 2485 1439 2547 Munati,
1460 2490 1517 2534 et
1531 2484 1897 2535 valetudinem

319 2555 474 2603 tuam
491 2565 642 2605 cura.
711 2552 857 2606 Prid.
878 2553 1015 2605 ldib.
1034 2553 1204 2622 April.
1224 2565 1477 2603 unnvm.
1498 2549 1745 2602 patavio.
