<?xml version="1.0" encoding="UTF-8"?>
<!DOCTYPE html PUBLIC "-//W3C//DTD XHTML 1.0 Transitional//EN"
    "http://www.w3.org/TR/xhtml1/DTD/xhtml1-transitional.dtd">
<html xmlns="http://www.w3.org/1999/xhtml" xml:lang="en" lang="en">
 <head>
  <title>
</title>
<meta http-equiv="Content-Type" content="text/html;charset=utf-8" />
  <meta name='ocr-system' content='tesseract 3.04.00' />
  <meta name='ocr-capabilities' content='ocr_page ocr_carea ocr_par ocr_line ocrx_word'/>
</head>
<body>
  <div class='ocr_page' id='page_1' title='image "./epistolae00unkngoog_0120.png"; bbox 0 0 2275 3025; ppageno 0'>
   <div class='ocr_carea' id='block_1_1' title="bbox 450 164 1500 219">
    <p class='ocr_par' dir='ltr' id='par_1_1' title="bbox 450 164 1500 219">
     <span class='ocr_line' id='line_1_1' title="bbox 450 164 1500 219; baseline -0.004 0"><span class='ocrx_word' id='word_1_1' title='bbox 450 168 549 219; x_wconf 78' lang='lat'><strong><em>112</em></strong></span> <span class='ocrx_word' id='word_1_2' title='bbox 981 165 1056 218; x_wconf 81' lang='lat' dir='ltr'><strong><em>M.</em></strong></span> <span class='ocrx_word' id='word_1_3' title='bbox 1092 166 1153 216; x_wconf 81' lang='lat' dir='ltr'><strong><em>A.</em></strong></span> <span class='ocrx_word' id='word_1_4' title='bbox 1189 164 1500 218; x_wconf 76' lang='lat' dir='ltr'><strong>MURETI</strong></span> 
     </span>
    </p>
   </div>
   <div class='ocr_carea' id='block_1_2' title="bbox 358 261 2082 2745">
    <p class='ocr_par' dir='ltr' id='par_1_2' title="bbox 358 261 2082 2745">
     <span class='ocr_line' id='line_1_2' title="bbox 453 261 2026 333; baseline 0 -15"><span class='ocrx_word' id='word_1_5' title='bbox 453 275 572 318; x_wconf 83' lang='lat' dir='ltr'><strong><em>tuus</em></strong></span> <span class='ocrx_word' id='word_1_6' title='bbox 604 263 767 315; x_wconf 82' lang='lat' dir='ltr'><strong><em>omnis</em></strong></span> <span class='ocrx_word' id='word_1_7' title='bbox 785 261 1117 317; x_wconf 66' lang='lat' dir='ltr'><strong><em>liberalitatis</em></strong></span> <span class='ocrx_word' id='word_1_8' title='bbox 1136 263 1492 333; x_wconf 63' lang='lat' dir='ltr'><strong><em>plenissimas,</em></strong></span> <span class='ocrx_word' id='word_1_9' title='bbox 1526 281 1707 316; x_wconf 82' lang='lat' dir='ltr'><strong><em>amare</em></strong></span> <span class='ocrx_word' id='word_1_10' title='bbox 1727 273 1778 315; x_wconf 88' lang='lat' dir='ltr'><strong><em>et</em></strong></span> <span class='ocrx_word' id='word_1_11' title='bbox 1793 263 1852 315; x_wconf 78' lang='lat' dir='ltr'><strong><em>in</em></strong></span> <span class='ocrx_word' id='word_1_12' title='bbox 1870 264 2026 318; x_wconf 60' lang='lat' dir='ltr'><strong><em>oculu</em></strong></span> 
     </span>
     <span class='ocr_line' id='line_1_3' title="bbox 438 330 2026 406; baseline 0 -22"><span class='ocrx_word' id='word_1_13' title='bbox 438 333 599 406; x_wconf 87' lang='lat' dir='ltr'><strong><em>ferre</em></strong></span> <span class='ocrx_word' id='word_1_14' title='bbox 617 333 773 383; x_wconf 85' lang='lat' dir='ltr'><strong><em>soleo.</em></strong></span> <span class='ocrx_word' id='word_1_15' title='bbox 840 331 1184 401; x_wconf 76' lang='lat' dir='ltr'><strong><em>Longinqua,</em></strong></span> <span class='ocrx_word' id='word_1_16' title='bbox 1205 332 1340 384; x_wconf 71' lang='lat' dir='ltr'><strong><em>mihi</em></strong></span> <span class='ocrx_word' id='word_1_17' title='bbox 1359 332 1524 395; x_wconf 77' lang='lat' dir='ltr'><strong><em>crede,</em></strong></span> <span class='ocrx_word' id='word_1_18' title='bbox 1541 330 1902 400; x_wconf 74' lang='lat' dir='ltr'><strong><em>peregrinatio</em></strong></span> <span class='ocrx_word' id='word_1_19' title='bbox 1925 334 2026 384; x_wconf 89' lang='lat' dir='ltr'><strong><em>cul·</em></strong></span> 
     </span>
     <span class='ocr_line' id='line_1_4' title="bbox 445 397 2025 468; baseline 0 -18"><span class='ocrx_word' id='word_1_20' title='bbox 445 415 575 468; x_wconf 78' lang='lat' dir='ltr'><strong><em>pam</em></strong></span> <span class='ocrx_word' id='word_1_21' title='bbox 606 414 809 450; x_wconf 73' lang='lat' dir='ltr'><strong><em>ornnem</em></strong></span> <span class='ocrx_word' id='word_1_22' title='bbox 826 399 1062 452; x_wconf 81' lang='lat' dir='ltr'><strong><em>sustinet.</em></strong></span> <span class='ocrx_word' id='word_1_23' title='bbox 1131 397 1364 457; x_wconf 81' lang='lat' dir='ltr'><strong><em>Domum</em></strong></span> <span class='ocrx_word' id='word_1_24' title='bbox 1381 399 1578 467; x_wconf 73' lang='lat' dir='ltr'><strong><em>igitur,</em></strong></span> <span class='ocrx_word' id='word_1_25' title='bbox 1607 399 1706 468; x_wconf 70' lang='lat' dir='ltr'><strong><em>hoc</em></strong></span> <span class='ocrx_word' id='word_1_26' title='bbox 1745 406 1823 450; x_wconf 89' lang='lat' dir='ltr'><strong><em>est</em></strong></span> <span class='ocrx_word' id='word_1_27' title='bbox 1868 397 2025 450; x_wconf 80' lang='lat' dir='ltr'><strong><em>Vene-</em></strong></span> 
     </span>
     <span class='ocr_line' id='line_1_5' title="bbox 454 465 2024 536; baseline 0 -18"><span class='ocrx_word' id='word_1_28' title='bbox 454 467 573 529; x_wconf 84' lang='lat' dir='ltr'><strong><em>tias,</em></strong></span> <span class='ocrx_word' id='word_1_29' title='bbox 606 465 815 517; x_wconf 78' lang='lat' dir='ltr'><strong><em>tandem</em></strong></span> <span class='ocrx_word' id='word_1_30' title='bbox 834 465 1117 535; x_wconf 73' lang='lat' dir='ltr'><strong><em>aliquando</em></strong></span> <span class='ocrx_word' id='word_1_31' title='bbox 1138 483 1344 519; x_wconf 83' lang='lat' dir='ltr'><strong><em>reverso</em></strong></span> <span class='ocrx_word' id='word_1_32' title='bbox 1366 467 1502 519; x_wconf 74' lang='lat' dir='ltr'><strong><em>nihil</em></strong></span> <span class='ocrx_word' id='word_1_33' title='bbox 1507 466 1659 535; x_wconf 80' lang='lat' dir='ltr'><strong><em>prius</em></strong></span> <span class='ocrx_word' id='word_1_34' title='bbox 1678 465 2024 536; x_wconf 77' lang='lat' dir='ltr'><strong><em>mihifacien·</em></strong></span> 
     </span>
     <span class='ocr_line' id='line_1_6' title="bbox 452 532 2022 601; baseline -0.001 -16"><span class='ocrx_word' id='word_1_35' title='bbox 452 535 575 585; x_wconf 82' lang='lat' dir='ltr'><strong><em>dum</em></strong></span> <span class='ocrx_word' id='word_1_36' title='bbox 593 533 806 601; x_wconf 77' lang='lat' dir='ltr'><strong><em>putavi,</em></strong></span> <span class='ocrx_word' id='word_1_37' title='bbox 866 549 987 584; x_wconf 83' lang='lat' dir='ltr'><strong><em>uam</em></strong></span> <span class='ocrx_word' id='word_1_38' title='bbox 1006 541 1069 584; x_wconf 83' lang='lat' dir='ltr'><strong><em>ut</em></strong></span> <span class='ocrx_word' id='word_1_39' title='bbox 1085 533 1470 585; x_wconf 65' lang='lat' dir='ltr'><strong><em>humanissimis</em></strong></span> <span class='ocrx_word' id='word_1_40' title='bbox 1491 533 1593 585; x_wconf 88' lang='lat' dir='ltr'><strong><em>tuis</em></strong></span> <span class='ocrx_word' id='word_1_41' title='bbox 1612 532 1798 585; x_wconf 84' lang='lat' dir='ltr'><strong><em>litteris</em></strong></span> <span class='ocrx_word' id='word_1_42' title='bbox 1817 547 2022 600; x_wconf 77' lang='lat' dir='ltr'><strong><em>respon·</em></strong></span> 
     </span>
     <span class='ocr_line' id='line_1_7' title="bbox 453 597 2023 668; baseline -0.003 -14"><span class='ocrx_word' id='word_1_43' title='bbox 453 602 643 653; x_wconf 79' lang='lat' dir='ltr'><strong><em>derem·</em></strong></span> <span class='ocrx_word' id='word_1_44' title='bbox 716 598 825 663; x_wconf 73' lang='lat' dir='ltr'><strong><em>Qui</em></strong></span> <span class='ocrx_word' id='word_1_45' title='bbox 858 616 916 651; x_wconf 79' lang='lat' dir='ltr'><strong><em>us</em></strong></span> <span class='ocrx_word' id='word_1_46' title='bbox 936 608 998 650; x_wconf 80' lang='lat' dir='ltr'><strong><em>ut</em></strong></span> <span class='ocrx_word' id='word_1_47' title='bbox 1021 597 1282 666; x_wconf 69' lang='grc' dir='ltr'><strong><em>ὁμηρικῶς</em></strong></span> <span class='ocrx_word' id='word_1_48' title='bbox 1314 600 1682 668; x_wconf 65' lang='lat' dir='ltr'><strong><em>respondeum,</em></strong></span> <span class='ocrx_word' id='word_1_49' title='bbox 1725 599 1884 661; x_wconf 83' lang='lat' dir='ltr'><strong><em>scito,</em></strong></span> <span class='ocrx_word' id='word_1_50' title='bbox 1915 599 2023 650; x_wconf 86' lang='lat' dir='ltr'><strong><em>illu-</em></strong></span> 
     </span>
     <span class='ocr_line' id='line_1_8' title="bbox 451 665 2027 735; baseline -0.001 -16"><span class='ocrx_word' id='word_1_51' title='bbox 451 667 707 720; x_wconf 86' lang='lat' dir='ltr'><strong><em>strissimo</em></strong></span> <span class='ocrx_word' id='word_1_52' title='bbox 779 666 989 734; x_wconf 81' lang='lat' dir='ltr'><strong><em>Legata</em></strong></span> <span class='ocrx_word' id='word_1_53' title='bbox 1060 676 1241 718; x_wconf 76' lang='lat' dir='ltr'><strong><em>nostro</em></strong></span> <span class='ocrx_word' id='word_1_54' title='bbox 1264 668 1314 730; x_wconf 77' lang='lat'><strong><em>*)</em></strong></span> <span class='ocrx_word' id='word_1_55' title='bbox 1368 668 1726 735; x_wconf 64' lang='lat' dir='ltr'><strong><em>gratissimam</em></strong></span> <span class='ocrx_word' id='word_1_56' title='bbox 1783 665 2027 718; x_wconf 77' lang='lat' dir='ltr'><strong><em>accidisse</em></strong></span> 
     </span>
     <span class='ocr_line' id='line_1_9' title="bbox 450 733 2022 804; baseline -0.001 -19"><span class='ocrx_word' id='word_1_57' title='bbox 450 735 773 786; x_wconf 79' lang='lat' dir='ltr'><strong><em>voluntatem</em></strong></span> <span class='ocrx_word' id='word_1_58' title='bbox 788 733 933 783; x_wconf 87' lang='lat' dir='ltr'><strong><em>illam</em></strong></span> <span class='ocrx_word' id='word_1_59' title='bbox 954 740 1116 795; x_wconf 81' lang='lat' dir='ltr'><strong><em>tuam,</em></strong></span> <span class='ocrx_word' id='word_1_60' title='bbox 1132 749 1236 800; x_wconf 78' lang='lat' dir='ltr'><strong><em>qua</em></strong></span> <span class='ocrx_word' id='word_1_61' title='bbox 1255 749 1439 785; x_wconf 75' lang='lat' dir='ltr'><strong><em>munus</em></strong></span> <span class='ocrx_word' id='word_1_62' title='bbox 1457 735 1675 804; x_wconf 74' lang='lat' dir='ltr'><strong><em>aliquod</em></strong></span> <span class='ocrx_word' id='word_1_63' title='bbox 1687 735 1769 786; x_wconf 88' lang='lat' dir='ltr'><strong><em>illi</em></strong></span> <span class='ocrx_word' id='word_1_64' title='bbox 1786 733 2022 785; x_wconf 79' lang='lat' dir='ltr'><strong><em>ostendis.</em></strong></span> 
     </span>
     <span class='ocr_line' id='line_1_10' title="bbox 454 799 2026 869; baseline 0.001 -18"><span class='ocrx_word' id='word_1_65' title='bbox 454 800 614 864; x_wconf 79' lang='lat' dir='ltr'><strong><em>Quod</em></strong></span> <span class='ocrx_word' id='word_1_66' title='bbox 638 799 685 850; x_wconf 90' lang='lat' dir='ltr'><strong><em>si</em></strong></span> <span class='ocrx_word' id='word_1_67' title='bbox 710 799 797 849; x_wconf 85' lang='lat' dir='ltr'><strong><em>ille</em></strong></span> <span class='ocrx_word' id='word_1_68' title='bbox 818 799 1157 868; x_wconf 78' lang='lat' dir='ltr'><strong><em>gravioribus</em></strong></span> <span class='ocrx_word' id='word_1_69' title='bbox 1187 801 1337 852; x_wconf 78' lang='lat' dir='ltr'><strong><em>rebus</em></strong></span> <span class='ocrx_word' id='word_1_70' title='bbox 1374 800 1642 853; x_wconf 78' lang='lat' dir='ltr'><strong><em>districtus</em></strong></span> <span class='ocrx_word' id='word_1_71' title='bbox 1672 801 1884 869; x_wconf 78' lang='lat' dir='ltr'><strong><em>exigere</em></strong></span> <span class='ocrx_word' id='word_1_72' title='bbox 1923 811 2026 852; x_wconf 78' lang='lat' dir='ltr'><strong><em>nou</em></strong></span> 
     </span>
     <span class='ocr_line' id='line_1_11' title="bbox 358 865 2026 948; baseline 0.001 -31"><span class='ocrx_word' id='word_1_73' title='bbox 358 885 361 890; x_wconf 95' lang='lat'>·</span> <span class='ocrx_word' id='word_1_74' title='bbox 452 865 747 918; x_wconf 84' lang='lat' dir='ltr'><strong><em>curaverit.-</em></strong></span> <span class='ocrx_word' id='word_1_75' title='bbox 782 883 881 946; x_wconf 70' lang='lat' dir='ltr'><strong><em>ego</em></strong></span> <span class='ocrx_word' id='word_1_76' title='bbox 901 875 1075 920; x_wconf 81' lang='lat' dir='ltr'><strong><em>tamen</em></strong></span> <span class='ocrx_word' id='word_1_77' title='bbox 1093 885 1286 936; x_wconf 84' lang='lat' dir='ltr'><strong><em>urgere</em></strong></span> <span class='ocrx_word' id='word_1_78' title='bbox 1305 877 1360 920; x_wconf 88' lang='lat' dir='ltr'><strong><em>et</em></strong></span> <span class='ocrx_word' id='word_1_79' title='bbox 1359 867 1624 948; x_wconf 71' lang='lat' dir='ltr'><strong><em>flagitare</em></strong></span> <span class='ocrx_word' id='word_1_80' title='bbox 1633 885 1739 936; x_wconf 53' lang='lat' dir='ltr'><strong><em>per,</em></strong></span> <span class='ocrx_word' id='word_1_81' title='bbox 1775 883 1877 919; x_wconf 86' lang='lat' dir='ltr'><strong><em>um.</em></strong></span> <span class='ocrx_word' id='word_1_82' title='bbox 1949 865 2026 918; x_wconf 87' lang='lat' dir='ltr'><strong><em>Ne</em></strong></span> 
     </span>
     <span class='ocr_line' id='line_1_12' title="bbox 454 934 2030 1006; baseline 0.001 -22"><span class='ocrx_word' id='word_1_83' title='bbox 454 941 631 984; x_wconf 74' lang='lat' dir='ltr'><strong><em>tamen</em></strong></span> <span class='ocrx_word' id='word_1_84' title='bbox 656 940 827 984; x_wconf 73' lang='lat' dir='ltr'><strong><em>nostri</em></strong></span> <span class='ocrx_word' id='word_1_85' title='bbox 849 949 1025 986; x_wconf 82' lang='lat' dir='ltr'><strong><em>sensus</em></strong></span> <span class='ocrx_word' id='word_1_86' title='bbox 1049 935 1291 1003; x_wconf 78' lang='lat' dir='ltr'><strong><em>ignores,</em></strong></span> <span class='ocrx_word' id='word_1_87' title='bbox 1331 952 1376 987; x_wconf 71' lang='lat' dir='ltr'><strong><em>si</em></strong></span> <span class='ocrx_word' id='word_1_88' title='bbox 1387 935 1552 1006; x_wconf 52' lang='lat' dir='ltr'><strong><em>forte,</em></strong></span> <span class='ocrx_word' id='word_1_89' title='bbox 1574 935 1674 986; x_wconf 78' lang='lat' dir='ltr'><strong><em>hoc</em></strong></span> <span class='ocrx_word' id='word_1_90' title='bbox 1703 935 1748 986; x_wconf 91' lang='lat' dir='ltr'><strong><em>ti</em></strong></span> <span class='ocrx_word' id='word_1_91' title='bbox 1778 934 1942 986; x_wconf 87' lang='lat' dir='ltr'><strong><em>iutile</em></strong></span> <span class='ocrx_word' id='word_1_92' title='bbox 1961 935 2030 986; x_wconf 82' lang='lat' dir='ltr'><strong><em>ud</em></strong></span> 
     </span>
     <span class='ocr_line' id='line_1_13' title="bbox 452 999 2028 1071; baseline 0.001 -20"><span class='ocrx_word' id='word_1_93' title='bbox 452 1016 568 1052; x_wconf 83' lang='lat' dir='ltr'><strong><em>eum</em></strong></span> <span class='ocrx_word' id='word_1_94' title='bbox 588 1017 699 1052; x_wconf 88' lang='lat' dir='ltr'><strong><em>rem</em></strong></span> <span class='ocrx_word' id='word_1_95' title='bbox 702 999 959 1071; x_wconf 82' lang='lat' dir='ltr'><strong><em>futurum</em></strong></span> <span class='ocrx_word' id='word_1_96' title='bbox 971 1012 1150 1070; x_wconf 79' lang='lat' dir='ltr'><strong><em>putas,</em></strong></span> <span class='ocrx_word' id='word_1_97' title='bbox 1189 1005 1380 1054; x_wconf 86' lang='lat' dir='ltr'><strong><em>multus</em></strong></span> <span class='ocrx_word' id='word_1_98' title='bbox 1399 1002 1548 1054; x_wconf 77' lang='lat' dir='ltr'><strong><em>estin</em></strong></span> <span class='ocrx_word' id='word_1_99' title='bbox 1567 1002 1850 1056; x_wconf 78' lang='lat' dir='ltr'><strong><em>Aristotele</em></strong></span> <span class='ocrx_word' id='word_1_100' title='bbox 1870 1015 2028 1069; x_wconf 83' lang='lat' dir='ltr'><strong><em>eoque</em></strong></span> 
     </span>
     <span class='ocr_line' id='line_1_14' title="bbox 452 1066 2027 1140; baseline -0.001 -20"><span class='ocrx_word' id='word_1_101' title='bbox 452 1066 694 1135; x_wconf 80' lang='lat' dir='ltr'><strong><em>inprimis</em></strong></span> <span class='ocrx_word' id='word_1_102' title='bbox 731 1069 1041 1132; x_wconf 69' lang='lat' dir='ltr'><strong><em>delectatur,</em></strong></span> <span class='ocrx_word' id='word_1_103' title='bbox 1078 1071 1305 1122; x_wconf 74' lang='lat' dir='ltr'><strong><em>maxime</em></strong></span> <span class='ocrx_word' id='word_1_104' title='bbox 1337 1069 1680 1140; x_wconf 77' lang='lat' dir='ltr'><strong><em>physiologo.-</em></strong></span> <span class='ocrx_word' id='word_1_105' title='bbox 1751 1070 1859 1121; x_wconf 82' lang='lat' dir='ltr'><strong><em>uod</em></strong></span> <span class='ocrx_word' id='word_1_106' title='bbox 1889 1067 2027 1136; x_wconf 78' lang='lat' dir='ltr'><strong><em>equi·</em></strong></span> 
     </span>
     <span class='ocr_line' id='line_1_15' title="bbox 457 1136 2030 1207; baseline 0.002 -21"><span class='ocrx_word' id='word_1_107' title='bbox 457 1137 573 1187; x_wconf 79' lang='lat' dir='ltr'><strong><em>dem</em></strong></span> <span class='ocrx_word' id='word_1_108' title='bbox 606 1152 667 1187; x_wconf 87' lang='lat' dir='ltr'><strong><em>sa</em></strong></span> <span class='ocrx_word' id='word_1_109' title='bbox 734 1155 761 1188; x_wconf 90' lang='lat' dir='ltr'><strong><em>e</em></strong></span> <span class='ocrx_word' id='word_1_110' title='bbox 788 1136 971 1189; x_wconf 86' lang='lat' dir='ltr'><strong><em>miror.</em></strong></span> <span class='ocrx_word' id='word_1_111' title='bbox 1046 1137 1332 1207; x_wconf 79' lang='lat' dir='ltr'><strong><em>Ceteroqui</em></strong></span> <span class='ocrx_word' id='word_1_112' title='bbox 1357 1137 1534 1189; x_wconf 81' lang='lat' dir='ltr'><strong><em>omnia</em></strong></span> <span class='ocrx_word' id='word_1_113' title='bbox 1561 1145 1654 1188; x_wconf 86' lang='lat' dir='ltr'><strong><em>tua</em></strong></span> <span class='ocrx_word' id='word_1_114' title='bbox 1687 1137 1699 1149; x_wconf 81' lang='lat'>’</span> <span class='ocrx_word' id='word_1_115' title='bbox 1732 1136 1756 1186; x_wconf 87' lang='lat' dir='ltr'><strong><em>i</em></strong></span> <span class='ocrx_word' id='word_1_116' title='bbox 1767 1143 2030 1204; x_wconf 76' lang='lat' dir='ltr'><strong><em>pergrata</em></strong></span> 
     </span>
     <span class='ocr_line' id='line_1_16' title="bbox 456 1201 2028 1274; baseline 0.001 -21"><span class='ocrx_word' id='word_1_117' title='bbox 456 1219 565 1254; x_wconf 85' lang='lat' dir='ltr'><strong><em>esse</em></strong></span> <span class='ocrx_word' id='word_1_118' title='bbox 590 1212 643 1254; x_wconf 88' lang='lat' dir='ltr'><strong><em>et</em></strong></span> <span class='ocrx_word' id='word_1_119' title='bbox 702 1221 822 1266; x_wconf 87' lang='lat' dir='ltr'><strong><em>ore,</em></strong></span> <span class='ocrx_word' id='word_1_120' title='bbox 853 1204 951 1255; x_wconf 79' lang='lat' dir='ltr'><strong><em>tibi</em></strong></span> <span class='ocrx_word' id='word_1_121' title='bbox 976 1201 1251 1274; x_wconf 81' lang='lat' dir='ltr'><strong><em>confirmo.</em></strong></span> <span class='ocrx_word' id='word_1_122' title='bbox 1321 1203 1406 1257; x_wconf 93' lang='lat' dir='ltr'><strong><em>De</em></strong></span> <span class='ocrx_word' id='word_1_123' title='bbox 1431 1205 1604 1257; x_wconf 77' lang='lat' dir='ltr'><strong><em>studio</em></strong></span> <span class='ocrx_word' id='word_1_124' title='bbox 1631 1204 1686 1256; x_wconf 84' lang='lat' dir='ltr'><strong><em>in</em></strong></span> <span class='ocrx_word' id='word_1_125' title='bbox 1713 1203 2028 1270; x_wconf 76' lang='lat' dir='ltr'><strong><em>acquirendo</em></strong></span> 
     </span>
     <span class='ocr_line' id='line_1_17' title="bbox 458 1269 2029 1339; baseline 0.002 -20"><span class='ocrx_word' id='word_1_126' title='bbox 458 1269 616 1320; x_wconf 78' lang='lat' dir='ltr'><strong><em>Gellii</em></strong></span> <span class='ocrx_word' id='word_1_127' title='bbox 641 1271 927 1338; x_wconf 80' lang='lat' dir='ltr'><strong><em>exemplari</em></strong></span> <span class='ocrx_word' id='word_1_128' title='bbox 951 1272 1164 1339; x_wconf 80' lang='lat' dir='ltr'><strong><em>gratias</em></strong></span> <span class='ocrx_word' id='word_1_129' title='bbox 1190 1272 1288 1332; x_wconf 71' lang='lat' dir='ltr'><strong><em>tibi</em></strong></span> <span class='ocrx_word' id='word_1_130' title='bbox 1309 1287 1495 1339; x_wconf 77' lang='lat' dir='ltr'><strong><em>agam,</em></strong></span> <span class='ocrx_word' id='word_1_131' title='bbox 1535 1288 1651 1323; x_wconf 85' lang='lat' dir='ltr'><strong><em>eum</em></strong></span> <span class='ocrx_word' id='word_1_132' title='bbox 1678 1270 1784 1322; x_wconf 84' lang='lat' dir='ltr'><strong><em>erit</em></strong></span> <span class='ocrx_word' id='word_1_133' title='bbox 1807 1285 2029 1322; x_wconf 85' lang='lat' dir='ltr'><strong><em>commo-</em></strong></span> 
     </span>
     <span class='ocr_line' id='line_1_18' title="bbox 456 1335 2035 1404; baseline 0.002 -18"><span class='ocrx_word' id='word_1_134' title='bbox 456 1337 610 1386; x_wconf 79' lang='lat' dir='ltr'><strong><em>dum:</em></strong></span> <span class='ocrx_word' id='word_1_135' title='bbox 644 1352 785 1388; x_wconf 82' lang='lat' dir='ltr'><strong><em>mmc</em></strong></span> <span class='ocrx_word' id='word_1_136' title='bbox 810 1354 967 1404; x_wconf 76' lang='lat' dir='ltr'><strong><em>quam</em></strong></span> <span class='ocrx_word' id='word_1_137' title='bbox 986 1353 1200 1404; x_wconf 82' lang='lat' dir='ltr'><strong><em>possum</em></strong></span> <span class='ocrx_word' id='word_1_138' title='bbox 1225 1339 1390 1390; x_wconf 76' lang='lat' dir='ltr'><strong><em>habeo</em></strong></span> <span class='ocrx_word' id='word_1_139' title='bbox 1418 1339 1717 1390; x_wconf 74' lang='lat' dir='ltr'><strong><em>maximam.</em></strong></span> <span class='ocrx_word' id='word_1_140' title='bbox 1788 1335 2035 1389; x_wconf 62' lang='lat' dir='ltr'><strong><em>Intelleski</em></strong></span> 
     </span>
     <span class='ocr_line' id='line_1_19' title="bbox 452 1402 2032 1472; baseline 0.003 -20"><span class='ocrx_word' id='word_1_141' title='bbox 452 1411 639 1470; x_wconf 83' lang='lat' dir='ltr'><strong><em>postea</em></strong></span> <span class='ocrx_word' id='word_1_142' title='bbox 656 1402 721 1453; x_wconf 83' lang='lat' dir='ltr'><strong><em>ah</em></strong></span> <span class='ocrx_word' id='word_1_143' title='bbox 741 1403 824 1465; x_wconf 88' lang='lat' dir='ltr'><strong><em>iis,</em></strong></span> <span class='ocrx_word' id='word_1_144' title='bbox 838 1402 929 1470; x_wconf 78' lang='lat' dir='ltr'><strong><em>qui</em></strong></span> <span class='ocrx_word' id='word_1_145' title='bbox 935 1403 1137 1455; x_wconf 82' lang='lat' dir='ltr'><strong><em>Romae</em></strong></span> <span class='ocrx_word' id='word_1_146' title='bbox 1150 1405 1504 1472; x_wconf 79' lang='lat' dir='ltr'><strong><em>superioribus</em></strong></span> <span class='ocrx_word' id='word_1_147' title='bbox 1523 1406 1778 1457; x_wconf 80' lang='lat' dir='ltr'><strong><em>mensibus</em></strong></span> <span class='ocrx_word' id='word_1_148' title='bbox 1791 1403 2032 1458; x_wconf 80' lang='lat' dir='ltr'><strong><em>Fulvium</em></strong></span> 
     </span>
     <span class='ocr_line' id='line_1_20' title="bbox 468 1465 2082 1539; baseline 0.004 -20"><span class='ocrx_word' id='word_1_149' title='bbox 468 1465 738 1532; x_wconf 78' lang='lat' dir='ltr'><strong><em>Ursinum,</em></strong></span> <span class='ocrx_word' id='word_1_150' title='bbox 758 1471 820 1522; x_wconf 83' lang='lat' dir='ltr'><strong><em>de</em></strong></span> <span class='ocrx_word' id='word_1_151' title='bbox 842 1486 941 1539; x_wconf 82' lang='lat' dir='ltr'><strong><em>quo</em></strong></span> <span class='ocrx_word' id='word_1_152' title='bbox 962 1471 1151 1524; x_wconf 87' lang='lat' dir='ltr'><strong><em>litteris</em></strong></span> <span class='ocrx_word' id='word_1_153' title='bbox 1171 1472 1470 1536; x_wconf 71' lang='lat' dir='ltr'><strong><em>meministi,</em></strong></span> <span class='ocrx_word' id='word_1_154' title='bbox 1493 1475 1816 1534; x_wconf 82' lang='lat' dir='ltr'><strong><em>salutarunt,</em></strong></span> <span class='ocrx_word' id='word_1_155' title='bbox 1840 1471 2034 1525; x_wconf 74' lang='lat' dir='ltr'><strong><em>habere</em></strong></span> <span class='ocrx_word' id='word_1_156' title='bbox 2069 1467 2082 1480; x_wconf 83' lang='lat'>&#39;</span> 
     </span>
     <span class='ocr_line' id='line_1_21' title="bbox 454 1536 2036 1608; baseline 0.001 -19"><span class='ocrx_word' id='word_1_157' title='bbox 454 1536 601 1589; x_wconf 84' lang='lat' dir='ltr'><strong><em>illum</em></strong></span> <span class='ocrx_word' id='word_1_158' title='bbox 612 1536 832 1591; x_wconf 76' lang='lat' dir='ltr'><strong><em>Gellium</em></strong></span> <span class='ocrx_word' id='word_1_159' title='bbox 852 1538 983 1591; x_wconf 75' lang='lat' dir='ltr'><strong><em>satie</em></strong></span> <span class='ocrx_word' id='word_1_160' title='bbox 996 1539 1113 1591; x_wconf 77' lang='lat' dir='ltr'><strong><em>anti</em></strong></span> <span class='ocrx_word' id='word_1_161' title='bbox 1147 1556 1288 1602; x_wconf 85' lang='lat' dir='ltr'><strong><em>uum,</em></strong></span> <span class='ocrx_word' id='word_1_162' title='bbox 1298 1539 1397 1593; x_wconf 87' lang='lat' dir='ltr'><strong><em>etsi</em></strong></span> <span class='ocrx_word' id='word_1_163' title='bbox 1414 1556 1518 1591; x_wconf 80' lang='lat' dir='ltr'><strong><em>nou</em></strong></span> <span class='ocrx_word' id='word_1_164' title='bbox 1536 1540 1801 1608; x_wconf 78' lang='lat' dir='ltr'><strong><em>integrum</em></strong></span> <span class='ocrx_word' id='word_1_165' title='bbox 1814 1560 1830 1590; x_wconf 90' lang='lat'><strong><em>.-</em></strong></span> <span class='ocrx_word' id='word_1_166' title='bbox 1851 1538 2036 1591; x_wconf 76' lang='lat' dir='ltr'><strong><em>vidisse</em></strong></span> 
     </span>
     <span class='ocr_line' id='line_1_22' title="bbox 454 1606 2032 1677; baseline 0.001 -21"><span class='ocrx_word' id='word_1_167' title='bbox 454 1622 683 1674; x_wconf 80' lang='lat' dir='ltr'><strong><em>namque</em></strong></span> <span class='ocrx_word' id='word_1_168' title='bbox 702 1623 757 1658; x_wconf 90' lang='lat' dir='ltr'><strong><em>se</em></strong></span> <span class='ocrx_word' id='word_1_169' title='bbox 800 1606 945 1659; x_wconf 84' lang='lat' dir='ltr'><strong><em>illum</em></strong></span> <span class='ocrx_word' id='word_1_170' title='bbox 988 1623 1092 1675; x_wconf 85' lang='lat' dir='ltr'><strong><em>apu</em></strong></span> <span class='ocrx_word' id='word_1_171' title='bbox 1173 1606 1416 1659; x_wconf 80' lang='lat' dir='ltr'><strong><em>Fulvium</em></strong></span> <span class='ocrx_word' id='word_1_172' title='bbox 1457 1607 1590 1659; x_wconf 71' lang='lat' dir='ltr'><strong><em>milti</em></strong></span> <span class='ocrx_word' id='word_1_173' title='bbox 1630 1608 2032 1677; x_wconf 81' lang='lat' dir='ltr'><strong><em>confirmarunt.</em></strong></span> 
     </span>
     <span class='ocr_line' id='line_1_23' title="bbox 434 1672 2032 1743; baseline 0.001 -18"><span class='ocrx_word' id='word_1_174' title='bbox 434 1672 639 1739; x_wconf 81' lang='lat' dir='ltr'><strong><em>.Quare</em></strong></span> <span class='ocrx_word' id='word_1_175' title='bbox 658 1675 817 1727; x_wconf 86' lang='lat' dir='ltr'><strong><em>etiam</em></strong></span> <span class='ocrx_word' id='word_1_176' title='bbox 837 1683 996 1743; x_wconf 79' lang='lat' dir='ltr'><strong><em>atque</em></strong></span> <span class='ocrx_word' id='word_1_177' title='bbox 1015 1674 1174 1727; x_wconf 85' lang='lat' dir='ltr'><strong><em>etiam</em></strong></span> <span class='ocrx_word' id='word_1_178' title='bbox 1195 1692 1230 1727; x_wconf 90' lang='lat' dir='ltr'><strong><em>a</em></strong></span> <span class='ocrx_word' id='word_1_179' title='bbox 1251 1684 1300 1727; x_wconf 88' lang='lat' dir='ltr'><strong><em>te</em></strong></span> <span class='ocrx_word' id='word_1_180' title='bbox 1357 1685 1438 1726; x_wconf 82' lang='lat' dir='ltr'><strong><em>eto</em></strong></span> <span class='ocrx_word' id='word_1_181' title='bbox 1460 1684 1514 1727; x_wconf 88' lang='lat' dir='ltr'><strong><em>et</em></strong></span> <span class='ocrx_word' id='word_1_182' title='bbox 1533 1691 1741 1743; x_wconf 78' lang='lat' dir='ltr'><strong><em>quaeso,</em></strong></span> <span class='ocrx_word' id='word_1_183' title='bbox 1764 1675 1838 1726; x_wconf 88' lang='lat' dir='ltr'><strong><em>mi</em></strong></span> <span class='ocrx_word' id='word_1_184' title='bbox 1857 1673 2032 1727; x_wconf 85' lang='lat' dir='ltr'><strong><em>Mure-</em></strong></span> 
     </span>
     <span class='ocr_line' id='line_1_24' title="bbox 457 1741 2032 1804; baseline 0 -12"><span class='ocrx_word' id='word_1_185' title='bbox 457 1750 532 1803; x_wconf 89' lang='lat' dir='ltr'><strong><em>te,</em></strong></span> <span class='ocrx_word' id='word_1_186' title='bbox 560 1750 621 1792; x_wconf 86' lang='lat' dir='ltr'><strong><em>ut</em></strong></span> <span class='ocrx_word' id='word_1_187' title='bbox 649 1742 990 1795; x_wconf 70' lang='lat' dir='ltr'><strong><em>milti·librum</em></strong></span> <span class='ocrx_word' id='word_1_188' title='bbox 1016 1742 1160 1795; x_wconf 82' lang='lat' dir='ltr'><strong><em>illum</em></strong></span> <span class='ocrx_word' id='word_1_189' title='bbox 1190 1743 1256 1795; x_wconf 80' lang='lat' dir='ltr'><strong><em>ab</em></strong></span> <span class='ocrx_word' id='word_1_190' title='bbox 1331 1742 1485 1804; x_wconf 69' lang='lat' dir='ltr'><strong><em>ulcio,</em></strong></span> <span class='ocrx_word' id='word_1_191' title='bbox 1510 1741 1746 1804; x_wconf 75' lang='lat' dir='ltr'><strong><em>homine,</em></strong></span> <span class='ocrx_word' id='word_1_192' title='bbox 1773 1752 1835 1793; x_wconf 91' lang='lat' dir='ltr'><strong><em>ut</em></strong></span> <span class='ocrx_word' id='word_1_193' title='bbox 1853 1742 2032 1803; x_wconf 75' lang='lat' dir='ltr'><strong><em>audio,</em></strong></span> 
     </span>
     <span class='ocr_line' id='line_1_25' title="bbox 445 1807 2034 1878; baseline 0.001 -20"><span class='ocrx_word' id='word_1_194' title='bbox 445 1807 703 1878; x_wconf 73' lang='lat' dir='ltr'><strong><em>perfacili</em></strong></span> <span class='ocrx_word' id='word_1_195' title='bbox 723 1809 921 1877; x_wconf 77' lang='lat' dir='ltr'><strong><em>tibique</em></strong></span> <span class='ocrx_word' id='word_1_196' title='bbox 938 1810 1269 1874; x_wconf 81' lang='lat' dir='ltr'><strong><em>amicissimo,</em></strong></span> <span class='ocrx_word' id='word_1_197' title='bbox 1283 1812 1564 1878; x_wconf 78' lang='lat' dir='ltr'><strong><em>adpaucos</em></strong></span> <span class='ocrx_word' id='word_1_198' title='bbox 1583 1810 1691 1860; x_wconf 81' lang='lat' dir='ltr'><strong><em>dies</em></strong></span> <span class='ocrx_word' id='word_1_199' title='bbox 1708 1807 1856 1861; x_wconf 77' lang='lat' dir='ltr'><strong><em>nobis</em></strong></span> <span class='ocrx_word' id='word_1_200' title='bbox 1874 1809 2034 1877; x_wconf 81' lang='lat' dir='ltr'><strong><em>impe·</em></strong></span> 
     </span>
     <span class='ocr_line' id='line_1_26' title="bbox 457 1875 2041 1945; baseline 0.002 -21"><span class='ocrx_word' id='word_1_201' title='bbox 457 1883 589 1935; x_wconf 86' lang='lat' dir='ltr'><strong><em>tres,</em></strong></span> <span class='ocrx_word' id='word_1_202' title='bbox 626 1890 843 1943; x_wconf 80' lang='lat' dir='ltr'><strong><em>eumque</em></strong></span> <span class='ocrx_word' id='word_1_203' title='bbox 877 1879 1141 1929; x_wconf 79' lang='lat' dir='ltr'><strong><em>commode</em></strong></span> <span class='ocrx_word' id='word_1_204' title='bbox 1178 1878 1519 1945; x_wconf 73' lang='lat' dir='ltr'><strong><em>compositum</em></strong></span> <span class='ocrx_word' id='word_1_205' title='bbox 1547 1885 1601 1928; x_wconf 93' lang='lat' dir='ltr'><strong><em>et</em></strong></span> <span class='ocrx_word' id='word_1_206' title='bbox 1630 1876 1922 1928; x_wconf 83' lang='lat' dir='ltr'><strong><em>involutum</em></strong></span> <span class='ocrx_word' id='word_1_207' title='bbox 1958 1875 2041 1927; x_wconf 79' lang='lat' dir='ltr'><strong><em>vel</em></strong></span> 
     </span>
     <span class='ocr_line' id='line_1_27' title="bbox 455 1940 2037 2012; baseline 0.002 -22"><span class='ocrx_word' id='word_1_208' title='bbox 455 1940 730 1991; x_wconf 82' lang='lat' dir='ltr'><strong><em>tabellario</em></strong></span> <span class='ocrx_word' id='word_1_209' title='bbox 776 1941 995 2005; x_wconf 76' lang='lat' dir='ltr'><strong><em>Veneto,</em></strong></span> <span class='ocrx_word' id='word_1_210' title='bbox 1032 1952 1129 1995; x_wconf 85' lang='lat' dir='ltr'><strong><em>aut</em></strong></span> <span class='ocrx_word' id='word_1_211' title='bbox 1163 1946 1331 1996; x_wconf 87' lang='lat' dir='ltr'><strong><em>amico</em></strong></span> <span class='ocrx_word' id='word_1_212' title='bbox 1370 1955 1494 1996; x_wconf 84' lang='lat' dir='ltr'><strong><em>noto</em></strong></span> <span class='ocrx_word' id='word_1_213' title='bbox 1536 1961 1621 2009; x_wconf 87' lang='lat' dir='ltr'><strong><em>ue,</em></strong></span> <span class='ocrx_word' id='word_1_214' title='bbox 1659 1942 1707 1995; x_wconf 87' lang='lat' dir='ltr'><strong><em>si</em></strong></span> <span class='ocrx_word' id='word_1_215' title='bbox 1736 1944 1828 2012; x_wconf 77' lang='lat' dir='ltr'><strong><em>qui</em></strong></span> <span class='ocrx_word' id='word_1_216' title='bbox 1862 1946 2037 1995; x_wconf 77' lang='lat' dir='ltr'><strong><em>certus</em></strong></span> 
     </span>
     <span class='ocr_line' id='line_1_28' title="bbox 457 2008 2036 2079; baseline 0.001 -21"><span class='ocrx_word' id='word_1_217' title='bbox 457 2016 723 2069; x_wconf 80' lang='lat' dir='ltr'><strong><em>occurret,</em></strong></span> <span class='ocrx_word' id='word_1_218' title='bbox 771 2008 857 2059; x_wconf 80' lang='lat' dir='ltr'><strong><em>des</em></strong></span> <span class='ocrx_word' id='word_1_219' title='bbox 893 2009 996 2060; x_wconf 67' lang='lat' dir='ltr'><strong><em>leuc</em></strong></span> <span class='ocrx_word' id='word_1_220' title='bbox 1019 2010 1411 2079; x_wconf 78' lang='lat' dir='ltr'><strong><em>perferendum.</em></strong></span> <span class='ocrx_word' id='word_1_221' title='bbox 1543 2011 1642 2062; x_wconf 80' lang='lat' dir='ltr'><strong><em>abo</em></strong></span> <span class='ocrx_word' id='word_1_222' title='bbox 1682 2027 1712 2062; x_wconf 83' lang='grc' dir='ltr'><strong><em>υ</em></strong></span> <span class='ocrx_word' id='word_1_223' title='bbox 1753 2027 1923 2073; x_wconf 85' lang='lat' dir='ltr'><strong><em>eram,</em></strong></span> <span class='ocrx_word' id='word_1_224' title='bbox 1977 2019 2036 2061; x_wconf 85' lang='lat' dir='ltr'><strong><em>ut</em></strong></span> 
     </span>
     <span class='ocr_line' id='line_1_29' title="bbox 444 2074 2038 2195; baseline 0.002 -71"><span class='ocrx_word' id='word_1_225' title='bbox 444 2074 635 2143; x_wconf 80' lang='lat' dir='ltr'><strong><em>paucis</em></strong></span> <span class='ocrx_word' id='word_1_226' title='bbox 654 2084 780 2141; x_wconf 79' lang='lat' dir='ltr'><strong><em>post</em></strong></span> <span class='ocrx_word' id='word_1_227' title='bbox 796 2079 802 2087; x_wconf 88' lang='lat'><em>&#39;</em></span> <span class='ocrx_word' id='word_1_228' title='bbox 816 2075 992 2128; x_wconf 78' lang='lat' dir='ltr'><strong><em>diebus</em></strong></span> <span class='ocrx_word' id='word_1_229' title='bbox 1021 2078 1093 2127; x_wconf 79' lang='lat' dir='ltr'><strong><em>ad</em></strong></span> <span class='ocrx_word' id='word_1_230' title='bbox 1108 2086 1158 2127; x_wconf 86' lang='lat' dir='ltr'><strong><em>te</em></strong></span> <span class='ocrx_word' id='word_1_231' title='bbox 1175 2078 1310 2128; x_wconf 86' lang='lat' dir='ltr'><strong><em>istuc</em></strong></span> <span class='ocrx_word' id='word_1_232' title='bbox 1336 2078 1621 2195; x_wconf 42' lang='grc' dir='ltr'><strong><em>ἵππων.</em></strong></span> <span class='ocrx_word' id='word_1_233' title='bbox 1748 2094 1833 2130; x_wconf 87' lang='lat' dir='ltr'><strong><em>am</em></strong></span> <span class='ocrx_word' id='word_1_234' title='bbox 1853 2076 2038 2146; x_wconf 76' lang='lat' dir='ltr'><strong><em>deside</em></strong></span> 
     </span>
     <span class='ocr_line' id='line_1_30' title="bbox 454 2140 2038 2211; baseline 0 -17"><span class='ocrx_word' id='word_1_235' title='bbox 454 2158 571 2194; x_wconf 86' lang='lat' dir='ltr'><strong><em>mea</em></strong></span> <span class='ocrx_word' id='word_1_236' title='bbox 600 2158 663 2192; x_wconf 80' lang='lat' dir='ltr'><strong><em>ue</em></strong></span> <span class='ocrx_word' id='word_1_237' title='bbox 688 2140 912 2204; x_wconf 75' lang='lat' dir='ltr'><strong><em>dubites,</em></strong></span> <span class='ocrx_word' id='word_1_238' title='bbox 953 2150 1097 2195; x_wconf 90' lang='lat' dir='ltr'><strong><em>tuam</em></strong></span> <span class='ocrx_word' id='word_1_239' title='bbox 1121 2143 1221 2195; x_wconf 79' lang='lat' dir='ltr'><strong><em>tibi</em></strong></span> <span class='ocrx_word' id='word_1_240' title='bbox 1236 2160 1344 2211; x_wconf 81' lang='lat' dir='ltr'><strong><em>pru</em></strong></span> <span class='ocrx_word' id='word_1_241' title='bbox 1381 2145 1574 2195; x_wconf 85' lang='lat' dir='ltr'><strong><em>entiam</em></strong></span> <span class='ocrx_word' id='word_1_242' title='bbox 1603 2154 1656 2196; x_wconf 91' lang='lat' dir='ltr'><strong><em>et</em></strong></span> <span class='ocrx_word' id='word_1_243' title='bbox 1681 2143 2038 2196; x_wconf 74' lang='lat' dir='ltr'><strong><em>constautiam</em></strong></span> 
     </span>
     <span class='ocr_line' id='line_1_31' title="bbox 456 2211 2042 2279; baseline 0.001 -19"><span class='ocrx_word' id='word_1_244' title='bbox 456 2218 644 2271; x_wconf 82' lang='lat' dir='ltr'><strong><em>testor,</em></strong></span> <span class='ocrx_word' id='word_1_245' title='bbox 676 2215 767 2277; x_wconf 78' lang='lat' dir='ltr'><strong><em>qui</em></strong></span> <span class='ocrx_word' id='word_1_246' title='bbox 794 2217 847 2261; x_wconf 89' lang='lat' dir='ltr'><strong><em>et</em></strong></span> <span class='ocrx_word' id='word_1_247' title='bbox 882 2212 1024 2275; x_wconf 79' lang='lat' dir='ltr'><strong><em>apud</em></strong></span> <span class='ocrx_word' id='word_1_248' title='bbox 1053 2228 1201 2278; x_wconf 80' lang='lat' dir='ltr'><strong><em>quem</em></strong></span> <span class='ocrx_word' id='word_1_249' title='bbox 1230 2211 1400 2262; x_wconf 79' lang='lat' dir='ltr'><strong><em>virum</em></strong></span> <span class='ocrx_word' id='word_1_250' title='bbox 1430 2228 1590 2279; x_wconf 79' lang='lat' dir='ltr'><strong><em>agam</em></strong></span> <span class='ocrx_word' id='word_1_251' title='bbox 1625 2212 1948 2273; x_wconf 83' lang='lat' dir='ltr'><strong><em>memineris,</em></strong></span> <span class='ocrx_word' id='word_1_252' title='bbox 1987 2221 2042 2262; x_wconf 84' lang='lat' dir='ltr'><strong><em>e&#39;t</em></strong></span> 
     </span>
     <span class='ocr_line' id='line_1_32' title="bbox 452 2276 2044 2349; baseline 0.001 -22"><span class='ocrx_word' id='word_1_253' title='bbox 452 2276 562 2344; x_wconf 77' lang='lat' dir='ltr'><strong><em>ipse</em></strong></span> <span class='ocrx_word' id='word_1_254' title='bbox 598 2293 677 2328; x_wconf 87' lang='lat' dir='ltr'><strong><em>me</em></strong></span> <span class='ocrx_word' id='word_1_255' title='bbox 712 2276 769 2328; x_wconf 83' lang='lat' dir='ltr'><strong><em>in</em></strong></span> <span class='ocrx_word' id='word_1_256' title='bbox 804 2276 1090 2329; x_wconf 80' lang='lat' dir='ltr'><strong><em>amicitiam</em></strong></span> <span class='ocrx_word' id='word_1_257' title='bbox 1130 2277 1240 2329; x_wconf 86' lang='lat' dir='ltr'><strong><em>iam</em></strong></span> <span class='ocrx_word' id='word_1_258' title='bbox 1269 2278 1569 2345; x_wconf 73' lang='lat' dir='ltr'><strong><em>susceperis.</em></strong></span> <span class='ocrx_word' id='word_1_259' title='bbox 1638 2278 1724 2329; x_wconf 87' lang='lat' dir='ltr'><strong><em>De</em></strong></span> <span class='ocrx_word' id='word_1_260' title='bbox 1744 2278 1946 2349; x_wconf 82' lang='lat' dir='ltr'><strong><em>fructu</em></strong></span> <span class='ocrx_word' id='word_1_261' title='bbox 1986 2286 2044 2329; x_wconf 83' lang='lat' dir='ltr'><strong><em>et</em></strong></span> 
     </span>
     <span class='ocr_line' id='line_1_33' title="bbox 455 2344 2036 2413; baseline 0.001 -18"><span class='ocrx_word' id='word_1_262' title='bbox 455 2344 787 2407; x_wconf 79' lang='lat' dir='ltr'><strong><em>utilitatibus,</em></strong></span> <span class='ocrx_word' id='word_1_263' title='bbox 802 2362 936 2412; x_wconf 83' lang='lat' dir='ltr'><strong><em>quae</em></strong></span> <span class='ocrx_word' id='word_1_264' title='bbox 954 2361 1017 2397; x_wconf 86' lang='lat' dir='ltr'><strong><em>ex</em></strong></span> <span class='ocrx_word' id='word_1_265' title='bbox 1026 2346 1125 2397; x_wconf 80' lang='grc' dir='ltr'><strong><em>Ιιοι·</em></strong></span> <span class='ocrx_word' id='word_1_266' title='bbox 1144 2346 1400 2413; x_wconf 78' lang='lat' dir='ltr'><strong><em>scriptore</em></strong></span> <span class='ocrx_word' id='word_1_267' title='bbox 1417 2362 1533 2397; x_wconf 86' lang='lat' dir='ltr'><strong><em>mea</em></strong></span> <span class='ocrx_word' id='word_1_268' title='bbox 1547 2362 1707 2413; x_wconf 81' lang='lat' dir='ltr'><strong><em>opera</em></strong></span> <span class='ocrx_word' id='word_1_269' title='bbox 1728 2354 2036 2413; x_wconf 78' lang='lat' dir='ltr'><strong><em>exspectan·</em></strong></span> 
     </span>
     <span class='ocr_line' id='line_1_34' title="bbox 455 2411 2041 2481; baseline 0.001 -20"><span class='ocrx_word' id='word_1_270' title='bbox 455 2412 523 2461; x_wconf 81' lang='lat' dir='ltr'><strong><em>da</em></strong></span> <span class='ocrx_word' id='word_1_271' title='bbox 550 2411 682 2472; x_wconf 74' lang='lat' dir='ltr'><strong><em>siut,</em></strong></span> <span class='ocrx_word' id='word_1_272' title='bbox 714 2412 811 2463; x_wconf 89' lang='lat' dir='ltr'><strong><em>etsi</em></strong></span> <span class='ocrx_word' id='word_1_273' title='bbox 828 2412 1007 2479; x_wconf 79' lang='lat' dir='ltr'><strong><em>pudor</em></strong></span> <span class='ocrx_word' id='word_1_274' title='bbox 1032 2415 1196 2464; x_wconf 88' lang='lat' dir='ltr'><strong><em>multa</em></strong></span> <span class='ocrx_word' id='word_1_275' title='bbox 1208 2412 1454 2481; x_wconf 81' lang='lat' dir='ltr'><strong><em>polliceri</em></strong></span> <span class='ocrx_word' id='word_1_276' title='bbox 1469 2429 1548 2463; x_wconf 88' lang='lat' dir='ltr'><strong><em>me</em></strong></span> <span class='ocrx_word' id='word_1_277' title='bbox 1566 2422 1737 2464; x_wconf 83' lang='lat' dir='ltr'><strong><em>vetat.-</em></strong></span> <span class='ocrx_word' id='word_1_278' title='bbox 1807 2411 2041 2464; x_wconf 75' lang='lat' dir='ltr'><strong><em>uaedam</em></strong></span> 
     </span>
     <span class='ocr_line' id='line_1_35' title="bbox 456 2478 2041 2548; baseline 0.001 -21"><span class='ocrx_word' id='word_1_279' title='bbox 456 2486 631 2528; x_wconf 82' lang='lat' dir='ltr'><strong><em>tamen</em></strong></span> <span class='ocrx_word' id='word_1_280' title='bbox 655 2478 739 2529; x_wconf 75' lang='lat' dir='ltr'><strong><em>hic</em></strong></span> <span class='ocrx_word' id='word_1_281' title='bbox 769 2495 1053 2547; x_wconf 75' lang='lat' dir='ltr'><strong><em>apponam,</em></strong></span> <span class='ocrx_word' id='word_1_282' title='bbox 1086 2496 1150 2531; x_wconf 80' lang='lat' dir='ltr'><strong><em>ex</em></strong></span> <span class='ocrx_word' id='word_1_283' title='bbox 1180 2480 1360 2548; x_wconf 80' lang='lat' dir='ltr'><strong><em>quibus</em></strong></span> <span class='ocrx_word' id='word_1_284' title='bbox 1381 2488 1463 2541; x_wconf 81' lang='lat' dir='ltr'><strong><em>tu,</em></strong></span> <span class='ocrx_word' id='word_1_285' title='bbox 1495 2480 1759 2531; x_wconf 85' lang='lat' dir='ltr'><strong><em>coniector</em></strong></span> <span class='ocrx_word' id='word_1_286' title='bbox 1817 2479 1958 2532; x_wconf 77' lang='lat' dir='ltr'><strong><em>acin</em></strong></span> <span class='ocrx_word' id='word_1_287' title='bbox 1979 2494 2041 2531; x_wconf 83' lang='lat' dir='ltr'><strong><em>re</em></strong></span> 
     </span>
     <span class='ocr_line' id='line_1_36' title="bbox 453 2544 1930 2614; baseline 0.003 -21"><span class='ocrx_word' id='word_1_288' title='bbox 453 2544 849 2607; x_wconf 85' lang='lat' dir='ltr'><strong><em>sollertissimus,</em></strong></span> <span class='ocrx_word' id='word_1_289' title='bbox 872 2546 1228 2599; x_wconf 81' lang='lat' dir='ltr'><strong><em>coniecturam</em></strong></span> <span class='ocrx_word' id='word_1_290' title='bbox 1246 2547 1307 2599; x_wconf 84' lang='lat' dir='ltr'><strong><em>de</em></strong></span> <span class='ocrx_word' id='word_1_291' title='bbox 1326 2547 1524 2614; x_wconf 80' lang='lat' dir='ltr'><strong><em>reliquo</em></strong></span> <span class='ocrx_word' id='word_1_292' title='bbox 1547 2561 1732 2613; x_wconf 79' lang='lat' dir='ltr'><strong><em>capere</em></strong></span> <span class='ocrx_word' id='word_1_293' title='bbox 1747 2547 1930 2613; x_wconf 78' lang='lat' dir='ltr'><strong><em>possis.</em></strong></span> 
     </span>
     <span class='ocr_line' id='line_1_37' title="bbox 522 2610 2040 2680; baseline 0.002 -21"><span class='ocrx_word' id='word_1_294' title='bbox 522 2610 673 2660; x_wconf 80' lang='lat' dir='ltr'><strong><em>Libr.</em></strong></span> <span class='ocrx_word' id='word_1_295' title='bbox 694 2623 757 2663; x_wconf 73' lang='grc' dir='ltr'><strong><em>Χ.</em></strong></span> <span class='ocrx_word' id='word_1_296' title='bbox 782 2628 895 2680; x_wconf 81' lang='lat' dir='ltr'><strong><em>cap.</em></strong></span> <span class='ocrx_word' id='word_1_297' title='bbox 913 2614 1224 2668; x_wconf 56' lang='lat' dir='ltr'><strong><em>xminitio:</em></strong></span> <span class='ocrx_word' id='word_1_298' title='bbox 1243 2613 1395 2666; x_wconf 90' lang='lat' dir='ltr'><strong><em>item</em></strong></span> <span class='ocrx_word' id='word_1_299' title='bbox 1417 2628 1597 2665; x_wconf 84' lang='lat' dir='ltr'><strong><em>casus</em></strong></span> <span class='ocrx_word' id='word_1_300' title='bbox 1617 2612 2040 2680; x_wconf 80' lang='lat' dir='ltr'><strong><em>multiplices,</em></strong></span> 
     </span>
     <span class='ocr_line' id='line_1_38' title="bbox 512 2689 908 2745; baseline 0.003 -12"><span class='ocrx_word' id='word_1_301' title='bbox 512 2693 552 2745; x_wconf 84' lang='lat'><strong><em>·)</em></strong></span> <span class='ocrx_word' id='word_1_302' title='bbox 583 2689 726 2733; x_wconf 76' lang='lat' dir='ltr'><strong><em>Panlo</em></strong></span> <span class='ocrx_word' id='word_1_303' title='bbox 748 2692 908 2734; x_wconf 79' lang='lat' dir='ltr'><strong><em>Foxio.</em></strong></span> 
     </span>
    </p>
   </div>
  </div>
 </body>
</html>
