2275 3025
467 159 567 211 318
766 153 1082 213 MURETI
1118 154 1224 206 111.
1260 150 1377 204 ΕΡ.
1415 150 1762 205 Lxxxln.

595 274 940 329 LXXXIII.
977 276 1053 327 M.
1088 276 1508 330 ANTONIUS
1544 232 1935 333 Munnf'rus

745 374 791 410 s,
830 375 888 409 n.
926 372 1314 433 FnAnchco
1351 374 1601 412 sancto
1641 376 1780 412 suo.

586 428 607 453 ,
1915 428 1928 441 .

534 427 687 510 Etsi
708 474 851 520 eum,
870 460 963 525 qui
985 457 1085 509 has
1106 459 1177 510 ad
1196 465 1252 509 te
1274 458 1491 510 litteras
1512 459 1693 522 affert,
1726 462 1866 512 satis
1887 469 1947 512 et
1969 464 2077 515 tibi

469 533 527 578 et
547 525 751 579 cete-ris
779 525 860 575 tui
893 524 1103 575 ordinis
1136 524 1450 576 hominibus
1479 542 1580 591 pro
1607 534 1793 578 vestra
1824 530 2078 579 omnium

466 594 674 659 pietate
716 591 1157 642 commendatum
1198 605 1323 643 esse
1366 593 1614 643 confido:
1654 594 1843 659 putavi
1881 600 2076 645 tamen

467 658 677 724 aliquid
700 672 1070 718 accessurum,
1108 658 1160 707 si
1191 672 1314 707 eum
1343 656 1479 709 mihi
1498 674 1730 725 magnae
1752 674 1920 710 curae
1942 674 2074 711 esse

468 732 683 775 etame
722 740 830 774 non
870 724 1178 789 vulgariter
1214 724 1374 791 diligi
1414 739 1605 775 omnes
1627 729 2070 792 cognosceretis.

468 790 609 841 Peto
641 792 814 856 igitur
846 804 880 838 a
908 794 989 857 te,
1027 805 1136 840 non
1157 794 1369 844 tantum
1388 792 1590 856 ut-ipse
1618 792 1885 858 quidquid
1907 799 2071 859 potes

466 858 657 917 studii,
677 869 900 920 operae,
925 857 1093 907 oflicii
1126 857 1183 906 in
1211 871 1337 907 eum
1375 856 1615 907 libenter
1641 858 1927 921 eonferas3
1969 859 2068 909 sed

466 924 632 973 etiam
656 930 715 971 ut
735 936 857 971 eum
878 936 1002 971 meo
1024 924 1244 972 nomine
1268 924 1620 973 commendes
1643 925 2070 991 diligentissime

463 990 538 1040 iis
563 990 815 1039 omnibus
838 1003 869 1038 e
890 994 1077 1039 vestra
1096 987 1414 1051 sodalitate,
1435 990 1634 1056 quibus
1651 994 1773 1055 ipse
1794 1004 2068 1040 commen-

468 1056 590 1106 dari
611 1070 672 1105 se
694 1056 861 1105 volet.
932 1056 1045 1105 Iam
1066 1055 1279 1121 pridem
1308 1063 1364 1106 et
1395 1070 1504 1122 ego
1529 1073 1626 1105 vos
1650 1071 1840 1106 omnes
1862 1072 1935 1107 ex
1953 1059 2066 1108 ani·

444 1136 557 1178 ,mo
585 1121 1034 1172 constantissime
1056 1136 1201 1182 amo,
1226 1128 1284 1171 et
1302 1120 1437 1171 mihi
1459 1124 1784 1188 persuadeo,
1808 1137 1895 1173 me
1917 1138 1952 1171 a
1974 1137 2065 1173 vo·

466 1189 555 1238 bis
579 1189 823 1238 vicissim
846 1189 1034 1239 amari.
1105 1186 1261 1247 Nihil
1290 1188 1512 1254 dignius
1532 1195 1628 1238 aut
1649 1204 1772 1240 meo
1795 1196 2064 1255 perpetuo

468 1269 604 1319 erga
625 1269 725 1303 vos
748 1254 932 1304 studio
954 1259 1120 1317 atque
1141 1253 1512 1316 observantia,
1547 1261 1642 1305 aut
1661 1257 1716 1304 in
1738 1270 1846 1321 quo
1868 1255 2066 1305 melius

467 1335 534 1369 ac
569 1320 775 1369 certius
817 1321 989 1369 vestri
1024 1323 1162 1384 er'ga
1179 1334 1266 1369 me
1288 1320 1494 1370 amoris
1515 1322 1834 1387 magnitudo
1856 1321 2066 1387 perspi-

467 1385 665 1444 ciatur,
706 1385 925 1433 efficere
965 1385 1222 1447 potestis,
1265 1400 1426 1451 quam
1465 1389 1515 1437 si
1552 1386 1680 1437 huic
1719 1387 2061 1457 adolescenti

470 1452 653 1500 omnia
687 1450 919 1514 pietatis·
933 1455 991 1498 et
1014 1451 1262 1500 caritatis
1287 1450 1635 1502 Christianae
1659 1454 1842 1503 officia
1857 1453 2063 1505 tribua·

467 1517 557 1568 tis.
628 1515 757 1566 Hoc
788 1530 821 1564 a
840 1521 914 1576 te,
954 1514 1162 1576 Marem
1201 1506 1419 1581 Fulvio,
1459 1520 1700 1570 Horatio
1739 1521 1896 1583 meis,
1937 1519 2063 1569 aliis

468 1597 706 1650 quoque,
729 1584 779 1632 si
802 1591 941 1647 opus
966 1579 1162 1644 fuerit,
1187 1583 1286 1632 sed
1318 1582 1402 1634 his
1421 1588 1611 1652 'praeci
1650 1601 1745 1644 ue,
1775 1587 1978 1651 exponi
1994 1600 2062 1636 ae

466 1649 720 1718 patefieri
746 1649 895 1700 volo.
963 1651 1008 1698 A
1038 1656 1095 1700 te
1126 1655 1310 1702 autem
1350 1659 1537 1701 vetere
1575 1667 1610 1702 a
1635 1667 1796 1702 umno
1819 1650 2062 1717 discipli-

465 1732 569 1768 nae
590 1730 747 1766 meae
781 1729 953 1782 prope
984 1731 1085 1782 pro
1118 1731 1244 1766 meo
1279 1717 1400 1768 iure
1431 1718 1648 1783 quidvis
1678 1733 1846 1784 posse
1868 1717 2063 1768 videor

456 1784 767 1848 postulare.
836 1782 920 1831 Mi
954 1781 1130 1832 Benci
1170 1797 1202 1831 o
1243 1785 1376 1834 time
1398 1789 1455 1834 et
1473 1783 1776 1846 carissime,
1799 1785 1963 1835 etiam
1983 1788 2060 1835 at-

466 1863 571 1916 que
593 1851 760 1899 etiam
780 1847 921 1898 vale.
995 1847 1146 1899 Prid.
1221 1848 1291 1900 al.
1315 1848 1430 1900 lun.
1449 1863 1714 1901 unnxxv.
