2275 3025
610 91 870 143 EPIST.
904 90 1147 143 man.
1172 91 1293 144 ΕΡ.
1328 91 1432 146 XI.
1467 94 1604 147 ΧΠ.
1810 91 1907 144 1⁶19

310 197 399 246 nis
422 193 679 246 omnibus
709 196 977 252 mortem,
1012 190 1230 242 funebri
1258 191 1579 244 laudatione
1611 193 1907 246 honestan-

315 259 447 314 dam'
460 276 604 313 unus
627 273 697 309 ex
718 258 867 320 omni
889 255 1133 308 Venetae
1155 258 1464 310 nobilitatis
1495 260 1633 310 flore
1656 260 1906 311 delectus

314 343 407 380 es:
430 332 656 394 quanta,
674 323 837 374 deum
856 322 1242 384 immortalem,
1265 324 1535 376 orationis
1558 332 1616 376 et
1637 327 1906 391 gravitate

314 401 377 446 et
396 396 579 461 copia,
604 394 810 456 quanta
830 388 1086 448 omnium,
1110 389 1206 456 qui
1224 390 1478 452 aderant,
1517 405 1626 441 non
1643 393 1908 456 approba-

312 461 473 511 tione
492 463 735 514 tantum,
773 467 965 505 verum
990 455 1159 507 etiam
1191 455 1556 506 admiratione
1591 457 1815 508 dixisti}
1853 464 1912 507 ut

314 527 429 576 iam
446 531 569 574 tum
590 533 823 587 sperare
850 535 962 570 non
995 520 1160 572 dubie
1189 528 1416 573 senatus
1479 523 1786 589 opulusque
1806 521 1912 573 Ve-

314 597 483 642 netus
506 587 782 652 coeperit,
806 600 945 652 quae
963 592 1078 638 tam
1096 588 1305 638 diserte
1324 589 1382 638 in
1401 538 1516 640 αἰιξο
1539 588 1794 639 laudares
1810 624 1825 650 ‚
1847 603 1916 638 ea

316 663 379 707 te
400 653 697 720 aliquando
716 667 779 702 re
796 658 960 718 atque
984 653 1243 720 operibus
1261 656 1670 722 praestiturum.
1740 654 1917 722 Igitur

326 737 454 772 cum
474 735 597 770 eam
616 719 921 772 orationem
940 720 997 770 in
1025 723 1304 787 publicum
1325 722 1626 782 emisisses,
1647 735 1810 772 nemo
1831 734 1915 770 re-

324 793 518 854 pertus
546 791 658 848 est,
697 785 790 852 qui
820 801 928 837 non
956 787 1011 836 in
1040 789 1256 838 caelum
1285 789 1536 852 tolleret3
1573 794 1698 850 aut,
1738 787 1788 838 si
1819 786 1916 854 qui

367 859 526 904 ostea
548 851 791 915 fuerunt,
819 853 915 918 qui
932 867 1053 904 eam
1076 853 1385 904 clanculum
1414 859 1780 906 extenuarent
1793 867 1914 904 ver-

362 921 428 981 is,
452 933 549 970 eos
582 920 719 970 satis
750 925 972 970 constat
1002 920 1093 970 vel
1110 919 1728 987 crassitudineingenii,
1761 934 1831 970 ne
1851 918 1916 969 il·

318 985 431 1038 lius
458 983 921 1052 pulchritudinem
940 985 1285 1050 pervideant,
1303 987 1412 1048 vel,
1431 1001 1502 1036 ne
1519 1001 1620 1066 nro
1643 986 1916 1052 dignitate

321 1050 739 1112 commendent,
775 1056 967 1101 vetere
985 1052 1184 1102 morbo
1202 1059 1504 1117 perpetuae
1531 1066 1588 1100 in
1611 1063 1802 1102 omnes
1819 1051 1918 1100 bo-

319 1131 428 1168 nos
460 1117 701 1169 invidiae
733 1115 1009 1180 impediri.
1076 1117 1380 1168 Accessere
1415 1116 1499 1168 his
1535 1131 1710 1184 prope
1742 1117 1918 1183 quoti-

322 1183 475 1234 diani
512 1197 724 1232 mecum
744 1181 905 1234 Pauli
920 1183 1160 1234 Manutii
1191 1184 1260 1234 de
1293 1190 1392 1235 tua
1419 1182 1586 1234 laude
1605 1196 1917 1244 sermones,

320 1251 383 1300 in
403 1249 559 1299 cuius
579 1254 640 1298 tu
659 1249 763 1299 viri
784 1263 882 1298 ore
902 1249 1065 1315 plane
1086 1245 1352 1302 habitas?
1389 1250 1474 1300 Ita
1499 1251 1642 1300 enim
1659 1249 1917 1318 frequen·

320 1323 430 1378 ter,
450 1315 531 1364 ita
550 1314 749 1380 cupide
770 1313 841 1365 de
858 1321 915 1365 te
934 1315 1196 1382 loquitur,
1219 1322 1282 1367 ut
1299 1313 1433 1367 mihi
1451 1331 1726 1383 nunquam
1747 1315 1918 1367 omni-

322 1395 429 1443 no,
462 1394 623 1446 quam
653 1395 775 1432 cum
808 1382 877 1432 de
896 1388 953 1432 te
976 1383 1162 1433 dicere
1179 1384 1465 1450 ingressus
1490 1389 1604 1446 est,
1623 1382 1919 1434 facundior
1974 1408 1978 1411 -

322 1461 452 1498 esse
472 1447 741 1498 videatur.
811 1449 983 1516 Attigi
1014 1450 1262 1500 breviter
1279 1465 1373 1513 ea,
1394 1463 1535 1518 ¹quae
1554 1463 1641 1500 me
1657 1486 1673 1513 ,
1691 1455 1755 1500 ut
1774 1447 1920 1500 hunc

322 1515 527 1567 librum
546 1520 643 1565 tuo
664 1516 875 1566 nomini
893 1517 1244 1582 potissimum
1279 1517 1642 1567 inscriberem
1657 1552 1672 1578 ,
1690 1516 1922 1581 impule-

322 1586 471 1633 runt.
542 1579 701 1631 Nunc
721 1596 755 1629 a
770 1590 828 1631 te
844 1617 859 1643 ‚
892 1582 1223 1632 adolescens
1245 1582 1596 1632 ornatissime
1610 1618 1624 1642 ‚
1657 1583 1824 1631 etiam
1845 1586 1923 1630 at-

310 1660 435 1713 ·que
460 1648 629 1697 etiam
646 1651 805 1710 petoz
841 1649 1093 1711 primum,
1116 1654 1178 1697 ut
1195 1647 1578 1697 munusculum
1598 1644 1706 1696 hoc
1727 1661 1836 1697 non
1855 1659 1926 1697 ex
2001 1644 2016 1650 ”

302 1727 434 1769 ‚sua
449 1711 828 1777 magnitudine
846 1748 860 1773 ,
896 1711 996 1763 sed
1015 1726 1087 1763 ex
1100 1726 1232 1762 meo
1248 1712 1354 1763 tibi
1375 1712 1724 1778 gratificandi
1743 1712 1924 1763 animo

372 1776 639 1838 onderes3
660 1776 881 1838 deinde,
902 1784 991 1839 ut,
1010 1780 1061 1827 si
1082 1778 1302 1843 quando
1325 1792 1514 1829 eorum
1533 1779 1804 1829 rationem
1823 1780 1925 1829 ini-
2013 1786 2036 1818 --

326 1794 422 1893 Εἰς
436 1877 452 1903 ,
490 1856 631 1909 quos
664 1842 901 1893 eximiae
932 1848 1062 1895 tuae
1096 1845 1317 1895 virtutis
1351 1844 1644 1896 admiratio
1675 1846 1928 1898 adiunxit

328 1908 457 1970 tibi,
476 1922 565 1960 me
586 1923 827 1975 quoque,
846 1910 892 1961 si
913 1909 1156 1971 videtur,
1178 1926 1367 1963 eorum
1389 1912 1812 1965 adscribendum
1829 1928 1926 1963 nu-

330 1989 487 2027 mero
510 1974 813 2028 existimes.
832 1974 1102 2029 venetiis.
1124 1977 1311 2031 idibus
1333 1979 1558 2032 Octobr.
1580 1987 1795 2033 unuin·

546 2226 681 2279 XII.
736 2228 814 2281 M.
867 2227 1288 2281 ANTONIUS
1338 2228 1729 2282 MURETUS

541 2308 903 2350 ‘ronousro
937 2309 1157 2349 samso
1195 2311 1399 2348 remu
1435 2310 1490 2345 r.
1529 2309 1576 2347 s.
1615 2297 1728 2356 οδ)

405 2358 651 2460 Magna
680 2390 951 2444 felicitate
982 2392 1120 2443 mihi
1154 2407 1346 2444 carere
1381 2392 1605 2453 videor,
1645 2390 1930 2457 Torquate

338 2458 577 2521 Bembe‚
616 2458 765 2527 quod
784 2460 994 2510 nonita
1010 2464 1226 2510 mature
1245 2460 1304 2509 in
1321 2458 1539 2509 ltaliam
1561 2457 1830 2517 venerim,
1871 2464 1932 2507 ut

338 2602 370 2649 p
400 2537 622 2637 ’glafflli't-tit
632 2538 677 2580 ei
704 2534 941 2581 Tibullum
958 2550 1109 2589 suum3
1138 2536 1199 2580 cf.
1218 2535 1255 2579 1.
1277 2546 1350 2589 ep.
1371 2537 1408 2577 5.
1427 2534 1487 2577 V.
1515 2535 1630 2591 opp.
1649 2536 1766 2579 Mur.
1787 2534 1848 2576 T.
1865 2531 1930 2574 11.

513 2686 522 2696 .
1473 2646 1537 2698 M
1569 2650 1602 2699 2
