2275 3025
453 189 713 241 EPls'r.
748 188 895 241 Lm.
934 190 974 242 1.
1009 190 1126 242 ΕΡ.
1166 190 1384 242 xxxi.
1422 191 1674 243 xxxu.
1794 191 1857 242 55
1898 153 1908 162 ’

286 306 423 361 goes
461 290 664 341 amoris
710 291 876 341 notis.
962 288 1157 341 Nonne
1194 292 1363 357 igitur
1398 291 1721 343 inhumanus
1758 293 1858 343 sim

283 361 554 427 planeque
574 357 813 417 ferreus,
841 357 948 407 nisi
968 364 1080 407 tam
1101 364 1345 408 amanter
1364 373 1397 407 a
1416 365 1470 408 te
1493 360 1635 409 ultro
1657 360 1835 427 appeti
1860 366 1869 375 ‘
1946 378 1953 402 x

285 436 376 478 tas
402 441 466 475 ac
504 429 836 491 provocatus
874 423 977 473 tibi
1013 424 1069 473 in
1090 438 1278 475 amore
1305 418 1697 491 respondeam?
1751 426 1859 482 Sed

205 510 214 521 ·
285 509 396 544 non
417 492 770 550 committam,
794 495 853 539 ut
871 504 938 540 eo
959 493 1177 541 nomine
1197 492 1443 541 accusari
1466 492 1698 556 possim:
1727 506 1863 543 seni-

284 573 494 626 perque
515 558 632 607 sine
653 556 767 607 ulia
785 553 1199 620 retractatione,¹
1207 558 1253 607 si
1276 558 1403 625 quid
1425 558 1655 619 accidet,
1678 558 1735 607 in
1758 574 1863 623 quo

288 625 533 679 amicitia
550 638 676 675 mea
698 624 800 675 tibi
836 630 929 673 aut
950 626 1070 675 usui
1107 630 1204 675 aut
1232 630 1553 675 ornamento
1589 638 1713 675 esse
1742 639 1865 691 pos-

289 694 388 755 sit,
409 706 476 741 ne
499 706 606 757 qua
622 689 678 739 in
698 696 850 755 parte
871 691 984 741 veri
1005 691 1170 742 amici
1190 692 1370 742 officio
1392 690 1637 742 defuisse
1658 690 1865 751 videar,

291 758 696 811 studiosissime
725 772 944 825 operam
973 758 1133 808 dabo.
1205 758 1368 819 Quod
1389 758 1456 808 ad
1496 756 1710 809 litteras
1746 764 1869 809 tuas

290 822 507 879 tardius
556 824 811 875 fortassis
865 830 962 875 tua
1007 826 1420 890 exspectatione
1446 840 1559 885 ,res
1600 824 1866 887 cuderim,

292 892 462 955 scito,
489 906 586 941 eas
603 888 734 941 mihi
761 891 958 941 nudius
983 892 1182 945 tertius
1208 892 1428 942 tandem
1450 892 1546 942 red
1587 894 1695 942 itas
1720 906 1861 943 esse.

295 959 449 1011 Vale.
471 956 710 1009 Postrid.
731 956 872 1009 Non.
894 956 1183 1009 Deceinbr.
1206 973 1277 1010 ex
1296 957 1457 1009 Urbe.
1481 972 1724 1010 unnxw.

601 1252 850 1311 xxxu.
893 1237 1561 1312 mnssu‘cinnasn'ro.

365 1322 438 1405 V
453 1356 544 1407 olo
562 1361 766 1417 tecum,
805 1352 1029 1417 Horati,
1065 1356 1114 1407 si
1135 1357 1301 1407 modo
1329 1357 1395 1407 ab
1418 1372 1485 1408 eo
1508 1355 1761 1409 voluntas
1783 1364 1879 1408 tua

303 1439 412 1475 non
431 1421 715 1483 abhorret,
737 1424 892 1487 quasi
912 1430 1271 1473 mercaturam
1298 1426 1567 1491 quandam
1587 1425 1877 1476 instituere

303 1491 630 1549 litterarum:
669 1496 730 1540 ut
749 1490 964 1556 quando
981 1490 1175 1544 iisdem
1196 1490 1315 1542 fere
1336 1492 1389 1542 in
1412 1493 1609 1544 studiis
1632 1498 1877 1544 nosti-um

306 1565 536 1623 uterque
557 1563 831 1617 versatur,
853 1558 900 1608 si
921 1558 1052 1622 quid
1073 1565 1130 1608 et
1148 1559 1353 1608 bellum
1374 1566 1536 1625 atque
1558 1559 1784 1625 elegans
1822 1564 1880 1607 et

305 1641 412 1674 non
433 1623 658 1689 vulgare
679 1637 854 1688 neque
875 1625 1183 1688 protritum,
1220 1624 1347 1673 dum
1360 1660 1375 1684 ‚
1396 1632 1456 1672 ut
1476 1625 1775 1690 longinqua
1793 1624 1880 1672 lit-

302 1698 451 1751 tora,
484 1691 564 1754 ita
580 1695 824 1740 veterum
847 1689 1049 1754 scripta
1070 1690 1390 1749 lustramus,
1429 1691 1703 1755 reperisse
1732 1689 1879 1740 vide-

303 1759 497 1818 bimur,
507 1756 564 1806 id
581 1757 638 1806 in
659 1751 942 1807 commu'ne
963 1755 1394 1816 conferan1u3‚et
1404 1757 1545 1806 alter
1562 1769 1684 1806 cum
1705 1755 1879 1806 altero

306 1822 781 1876 communicemus.
851 1822 976 1872 Hoc
995 1821 1196 1872 fecisse
1220 1823 1607 1884 vetereaeillos,
1636 1837 1775 1902 quos
1796 1838 1882 1874 eu-

305 1891 370 1941 do
395 1891 555 1949 caelo,
579 1896 640 1939 ut
661 1890 854 1938 Cicero
873 1891 930 1939 in
951 1889 1165 1955 legibus
1178 1889 1509 1955 *)-loqaitur‚
1534 1897 1723 1942 menta
1742 1889 1879 1940 Ioca-

305 1965 450 2017 runt,
495 1957 886 2022 Hippocratem
909 1955 1078 2006 Coum
1098 1963 1157 2006 et
1176 1955 1549 2008 Democritum
1567 1957 1882 2018 Abderiten,

311 2023 594 2074 Platonem
631 2021 1016 2074 Atheniensem
1062 2030 1118 2073 et
1170 2025 1526 2078 Tarentinum
1563 2023 1881 2091 Archytam:

308 2097 420 2150 tum
441 2105 472 2140 e
494 2091 700 2142 nostris
721 2092 1046 2156 (quanquam
1065 2090 1195 2141 illos
1216 2107 1433 2158 quoque
1454 2092 1642 2158 quidni
1661 2098 1883 2146 nostros

311 2171 510 2208 vocare
527 2155 747 2218 licenti)
787 2157 882 2208 sed
905 2163 1085 2208 tamen
1108 2157 1333 2219 exiliis,
1357 2173 1494 2223 quos
1515 2161 1769 2208 usitatius
1791 2171 1884 2207 no-

309 2231 457 2274 stros
478 2223 732 2283 dicimus,
759 2223 901 2272 idem
926 2225 1069 2274 inter
1088 2239 1149 2274 se
1172 2225 1492 2274 Ciceronem
1512 2225 1712 2290 ipsum,
1732 2221 1884 2289 Nigi-

311 2289 475 2352 dium,
487 2289 741 2349 Atticum,
761 2288 1056 2339 Varronem
1067 2290 1370 2352 factitasse,
1381 2290 1515 2340 satis
1538 2297 1727 2354 aperte
1738 2289 1883 2354 ipso-

309 2371 428 2406 rum
446 2361 796 2406 monumenta
815 2356 1110 2407 declarant
1168 2357 1409 2417 Quorum
1434 2370 1539 2421 ego
1562 2355 1885 2420 exemplum,

309 2424 643 2489 quantumin
663 2436 748 2471 me
770 2429 876 2483 est,
905 2438 1176 2473 renovare
1193 2425 1441 2487 cupiens,
1472 2421 1539 2471 ad
1559 2421 1699 2490 hanc
1720 2429 1774 2471 te
1800 2435 1885 2471 so-

309 2489 590 2550 cietatem,
611 2487 827 2549 Horati,
850 2503 1014 2538 voco:
1047 2505 1204 2556 quam
1226 2489 1331 2538 nisi
1353 2487 1582 2554 refugiS,
1602 2503 1709 2538 non
1736 2487 1890 2537 dubi-

309 2563 368 2606 to
395 2555 541 2615 fore,
579 2560 641 2604 ut
670 2569 738 2604 ex
765 2568 832 2603 ea
856 2556 1084 2620 prinlum
1108 2563 1339 2620 uterque
1369 2561 1615 2603 nostrum
1634 2589 1647 2614 ,
1688 2552 1887 2602 deinde

305 2623 473 2672 etiam
495 2621 725 2681 alii‚non
749 2635 936 2670 eorum
957 2619 1247 2685 m6d0,qui
1269 2633 1408 2668 nunc
1429 2617 1683 2678 sunt,sed
1706 2617 1885 2669 etiam,

363 2701 402 2755 ·)
432 2697 496 2744 11.
517 2706 558 2744 s.
577 2698 618 2752 ς.
645 2701 708 2741 ις).
