2275 3025
473 153 536 205 16
977 156 1054 207 Μ.
1085 157 1148 207 Α.
1182 155 1498 209 MURETI
1576 188 1581 193 ,

509 270 528 303 ι

513 254 609 305 'as.
679 256 980 309 Tabellarii
997 272 1064 307 ur
1103 264 1213 309 ent.
1281 257 1436 311 Vale.
1456 253 1794 309 Molininste
1814 254 2015 307 salutat.

521 322 710 373 ostrid.
730 322 871 375 Non.
890 323 1042 376 Maii.
1109 326 1309 377 atavio.

907 556 978 607 X.
1023 546 1239 607 mnam
1281 570 1599 608 maxumo.

500 717 504 723 ἱ
541 620 700 709 Cum
723 656 974 709 Venetiis
1012 654 1371 717 discederem,
1408 655 1612 722 reliqui
1647 670 1679 707 a
1716 656 1789 707 ud
1828 655 2029 708 sixtum

475 725 774 786 Medicem,
803 723 1060 789 optimum
1089 728 1147 771 et
1170 720 1613 773 humanissimum
1637 741 1671 773 v
1695 739 1836 786 rum,
1864 725 2027 789 cuius,

475 798 538 843 ut
555 790 683 851 scis,
705 788 944 854 hospitio
964 804 1096 838 usus
1117 800 1282 851 eram,
1302 789 1473 839 libros
1494 788 1703 854 aliquot
1720 796 1865 852 tuos,
1883 792 2029 841 item-

477 867 582 923 que
601 855 852 905 volumen
860 869 1272 905 unummearum
1282 855 1551 906 variarum
1559 850 1877 908 lectionum:
1932 872 2030 909 uae

479 922 660 973 omnia
687 930 817 988 puto
837 922 944 973 iam
963 921 1175 987 pridem
1194 921 1260 972 ad
1284 934 1339 973 te
1360 932 1571 988 perlata
1591 936 1731 974 esse.
1798 922 1884 974 De
1953 924 2032 975 io-

475 989 639 1056 nysio
665 989 830 1041 inieci
854 991 963 1041 iam
987 991 1320 1041 mentionem
1340 989 1640 1052 Cardinali,
1665 1004 1785 1039 cum
1814 991 1930 1057 ipse
1948 1006 2033 1042 me

479 1058 546 1109 de
589 1062 646 1108 te
691 1057 907 1124 tuisque
953 1057 1116 1108 rebus
1165 1055 1571 1124 perhumaniter
1620 1057 2034 1124 interrogasset.

477 1126 588 1187 Tu,
609 1126 758 1182 sime
781 1127 954 1188 audis,
975 1124 1206 1188 videbis,
1224 1124 1287 1175 ht
1304 1140 1372 1176 ne
1392 1140 1481 1176 res
1501 1127 1557 1175 in
1578 1124 1801 1203 longum
1821 1122 2037 1175 differa-

474 1198 581 1244 tur.
649 1191 832 1244 Nolim
851 1193 993 1243 enim
1012 1192 1423 1259 contingere,ut
1442 1192 1579 1243 alius
1602 1192 1865 1257 quispiam
1882 1205 2039 1242 occu-

474 1263 588 1375 Bet.
653 1258 738 1307 De
760 1272 890 1308 sene
908 1258 1009 1308 illo
1034 1258 1246 1323 impuro
1270 1259 1401 1323 quid
1418 1261 1499 1309 vis
1524 1258 1627 1309 tibi
1648 1258 2039 1324 respondeam&

533 1338 671 1374 enuo
716 1325 1066 1373 confirmasse
1114 1337 1175 1373 se
1220 1323 1433 1375 dicitur.
1506 1323 1735 1374 Omnino
1771 1329 1953 1375 tamen
1988 1326 2041 1376 si

477 1388 638 1440 homo
665 1389 840 1451 bulla,
861 1403 928 1439 eo
954 1389 1128 1455 magis
1156 1403 1341 1441 senex.
1410 1389 1546 1452 Sed,
1574 1405 1605 1439 o
1625 1389 1887 1441 incertam
1913 1404 2042 1441 con-.-

477 1456 738 1509 .litionem
763 1454 1030 1518 nostram!
1063 1455 1161 1506 ille
1184 1470 1473 1518 exsuccus,
1496 1458 1785 1524 exsanguis
1794 1454 1817 1522 ,'
1840 1456 2042 1509 exhau-

475 1529 618 1585 stus,
649 1523 803 1574 senio
832 1521 1118 1574 confectus
1147 1529 1203 1574 et
1227 1525 1345 1590 ipse
1378 1523 1525 1574 orbis
1548 1523 1779 1587 senium,
1811 1527 1900 1592 qui
1928 1527 2042 1577 iam

471 1595 688 1658 iamque
725 1593 956 1643 animam
993 1588 1271 1641 efflaturus
1305 1590 1614 1652 videbatur,
1662 1593 1798 1642 vivit
1831 1598 2041 1644 tament

471 1656 638 1710 vivit?
671 1659 781 1711 imo
802 1673 959 1724 vero;
981 1657 1080 1710 sed
1099 1658 1229 1710 nolo
1250 1662 1452 1720 cetera,
1473 1671 1611 1725 quae
1632 1657 1829 1710 leviter
1844 1659 2041 1710 immu-

470 1731 612 1787 tata,
648 1726 898 1792 pulchre,
917 1731 980 1778 ut
1004 1728 1224 1793 opinor,
1246 1725 1589 1792 quadrarent.
1656 1725 1727 1775 At
1752 1724 2045 1778 Gallorum

469 1791 2043 1860 Rex‚integraaetate,firmavaletudine‚maximisviribus,

469 1857 875 1919 florentissimis
909 1862 1074 1912 rebus
1111 1863 1251 1925 suis,
1289 1861 1513 1929 inopina
1545 1865 1729 1914 morte.
1750 1858 2043 1925 perculsus

472 1929 574 1974 est.
645 1923 765 1983 Quo
805 1925 1020 1990 quidem
1051 1942 1184 1978 casu
1206 1929 1365 1979 valde
1392 1929 1604 1980 accisae
1637 1931 1763 1978 sunt
1786 1940 1913 1992 spes
1940 1941 2045 1977 no·

471 1995 644 2051 strae,
681 2005 770 2040 ma
809 2005 983 2055 naque
1012 1990 1101 2042 hic
1127 1999 1183 2043 et
1209 1997 1509 2047 animorum
1540 2001 1595 2045 et
1619 1994 1863 2044 vultuum
1886 1991 2046 2044 facta

468 2056 716 2106 mutatio.
829 2057 897 2107 ed
934 2057 1246 2107 omittamus
1283 2057 1435 2110 haec.
1506 2061 1637 2108 Cum
1662 2057 1752 2108 hic
1779 2059 1904 2108 eunt
1924 2064 2043 2108 stu-

309 2151 320 2170 μ
399 2147 403 2150 <
473 2123 620 2174 diosi
645 2124 878 2174 nominis
905 2123 983 2174 tui
1011 2129 1069 2173 et
1088 2124 1415 2188 scriptorum
1434 2128 1649 2174 tuorum
1672 2122 2044 2174 admiratores

469 2191 712 2242 maximi:
749 2196 863 2241 tum
896 2189 971 2242 M.
999 2189 1060 2240 P.
1089 2188 1339 2240 Medicus
1360 2186 1415 2236 οὐ
1436 2191 1539 2238 τῶν
1565 2183 1832 2249 τυχόντων,
1864 2186 2043 2236 homo

471 2263 528 2308 et
553 2257 884 2308 Graecarum
924 2264 980 2309 et
1005 2255 1323 2307 Latinarum
1350 2256 1655 2307 litterarum
1682 2252 1915 2303 scientia
1942 2265 2044 2302 ex-

471 2324 674 2387 cultus,
713 2331 769 2375 et
803 2323 1187 2391 philosophus,
1228 2329 1307 2387 et,
1334 2324 1381 2373 ei
1409 2322 1649 2390 quaeris,
1686 2317 2041 2370 mehercules

469 2392 634 2442 etiam
653 2394 820 2457 poeta
839 2393 996 2444 valde
1014 2393 1218 2455 bonus,
1238 2392 1317 2442 ita
1334 2397 1388 2442 te
1411 2395 1579 2452 amat,
1600 2395 1661 2440 ut
1678 2385 1818 2438 nihil
1837 2385 2042 2436 arden-

465 2459 576 2509 tius
607 2459 726 2510 fieri
751 2473 917 2525 posse
943 2460 1210 2512 videatur.
1276 2460 1377 2510 Est
1402 2464 1585 2510 autem
1603 2461 1795 2507 natura
1814 2467 2044 2520 compa-

462 2530 664 2588 ratum,
685 2532 769 2586 ut,
793 2542 929 2593 quos
949 2543 1208 2591 amamus,
1229 2527 1296 2579 ab
1314 2529 1383 2579 fis
1405 2527 1568 2578 etiam
1588 2537 1688 2576 nos
1708 2521 1876 2574 amari
1895 2520 2045 2572 veli·

463 2605 601 2642 mus.
673 2585 835 2659 Cupit
874 2595 1044 2662 igitur
1091 2595 1160 2647 ad
1198 2596 1489 2647 amicitiam
1524 2602 1671 2646 tuam
1706 2606 1828 2644 mea
1859 2603 2046 2660 opera

466 2659 775 2716 pervenire:
812 2666 868 2714 et
885 2677 951 2715 ea
967 2679 1028 2717 re
1047 2664 1270 2734 scripsit
1288 2665 1358 2717 ad
1376 2670 1429 2716 te
1453 2663 1757 2730 epistolam,
1779 2675 1941 2730 quam
1962 2657 2043 2710 ad
