2275 3025
500 162 757 218 EPIST.
793 159 1272 216 Auc'rAR.EP.
1307 159 1443 215 vn.
1479 159 1645 214 vm.
1785 157 1884 211 325

280 262 419 316 mihi
438 278 639 330 magno
662 278 833 330 opere
855 265 1291 326 commendans,
1310 265 1502 316 videre
1524 265 1764 316 nondum
1786 280 1883 332 po-

279 333 381 381 tui.
452 330 513 381 ld
533 345 601 380 eo
626 331 855 390 accidit,
900 332 1051 396 quod
1081 347 1205 382 cum
1233 331 1332 382 ille
1365 346 1399 382 a
1427 338 1485 382 te
1511 329 1646 381 mihi
1665 331 1883 382 litteras

280 402 340 448 et
357 395 555 447 librum
576 397 780 458 attulit,
823 396 974 448 domi
992 412 1102 447 non
1124 411 1300 458 eram,
1334 397 1444 448 mei
1468 403 1654 448 autem
1671 398 1752 447 ita
1770 403 1884 448 stu·

282 462 401 529 pidi
420 461 661 524 fuerunt,
682 469 745 513 ut
764 477 833 512 ne
857 478 1055 514 nomen
1078 465 1298 530 quidem
1318 464 1493 530 ipsius
1513 464 1881 531 quaesierint,

284 542 509 595 operam
531 535 713 580 tamen
737 529 899 593 dabo,
921 536 984 579 ut
1004 545 1129 580 eum
1150 531 1490 581 conveniam.
1559 529 1648 580 De
1667 535 1766 580 tuo
1789 545 1878 581 no·

281 596 429 645 mine
452 594 601 660 quod
623 609 709 645 me
732 596 1005 658 consulis,
1046 597 1172 647 fieri
1193 597 1285 648 vix
1310 603 1526 663 potest,
1567 602 1630 646 ut
1659 596 1779 647 eius
1805 596 1882 646 al-

282 668 407 712 tera
432 675 561 727 pars
591 659 832 723 Graeca,
874 663 1052 713 altera
1083 662 1286 713 Latina
1317 663 1406 714 sit.
1478 663 1552 714 Et
1577 668 1732 714 certe
1760 676 1882 713 cum

280 728 420 778 illud
446 740 631 777 verum
656 734 758 788 est,
771 729 957 779 omnia
977 732 1202 780 nomina
1221 733 1366 777 θέσει
1385 731 1516 777 εἶναι
1533 730 1618 777 καὶ
1640 724 1700 777 οὔ
1721 724 1882 794 φύσει,

283 803 398 844 tum
420 794 716 860 praecipue
739 795 796 845 in
817 793 1152 846 familiarum
1173 796 1487 847 nominibus
1508 810 1641 846 vere
1670 793 1777 845 hoc
1801 795 1882 845 di-

283 863 335 911 ci
355 865 559 926 potest.
632 860 901 913 Graecam
924 861 1166 913 litteram
1188 862 1394 913 nullam
1413 863 1464 912 ci
1487 876 1690 913 censeo
1711 861 1882 912 admi·

282 941 460 977 sceas.
529 925 619 976 De
647 928 889 994 origine,
930 929 977 978 si
1018 929 1149 994 quid
1178 927 1312 978 mihi
1337 929 1395 978 in
1416 935 1655 978 mentem
1675 930 1880 988 veniet,

282 991 486 1044 faciam
512 998 567 1043 te
593 996 908 1044 certiorem.
956 995 1038 1044 Mi
1060 993 1294 1044 Ciofane
1317 995 1522 1059 optime
1545 1001 1602 1044 et
1621 993 1881 1044 suavissi-

283 1074 397 1120 me,
440 1060 606 1110 etiam
648 1066 813 1127 atque
856 1061 1022 1111 etiam
1060 1060 1203 1110 vale.
1276 1061 1501 1110 Romae.
1534 1074 1614 1112 tv.
1644 1059 1721 1111 ld.
1743 1059 1878 1110 Mai.

286 1139 535 1176 nonxtx.

690 1293 832 1347 Vm.
907 1308 1121 1347 arnan
1161 1309 1468 1348 otorano.

350 1361 564 1448 Velim
603 1391 737 1446 mihi
774 1395 985 1455 credas,
1028 1397 1179 1462 quod
1221 1401 1333 1448 tam
1371 1396 1464 1446 diu
1505 1397 1646 1448 meis
1676 1397 1882 1448 litteris

283 1462 556 1526 carueris,
596 1463 697 1514 tibi
721 1477 829 1513 non
851 1463 1141 1515 molestius
1163 1477 1316 1525 esse,
1360 1478 1522 1530 quam
1541 1460 1694 1515 mihi.
1767 1463 1879 1517 Sed

283 1536 341 1580 et
360 1531 559 1582 multas
582 1546 612 1581 e
632 1532 743 1580 tuis
764 1530 834 1579 ad
856 1545 941 1579 me
962 1530 1207 1595 perlatas
1227 1545 1335 1580 non
1358 1544 1482 1580 esse
1496 1566 1512 1591 ,
1551 1545 1620 1581 ex
1645 1532 1716 1581 iis
1738 1544 1880 1597 quae

282 1597 529 1662 perlatae
552 1603 679 1647 sunt
698 1595 981 1661 intelligo;
1002 1602 1060 1645 et
1079 1597 1172 1661 qui
1192 1610 1396 1659 paucas
1418 1596 1544 1645 illas
1556 1597 1880 1658 attulerunt,

283 1663 427 1712 orati
447 1676 481 1711 a
498 1676 604 1721 me,
643 1667 705 1710 ut
724 1674 793 1709 ne
815 1661 935 1709 sine
956 1661 1093 1710 meis
1116 1660 1188 1709 ad
1205 1667 1263 1710 te
1285 1660 1548 1721 redirent,
1592 1675 1715 1711 cum
1735 1675 1797 1711 se
1821 1662 1878 1711 id

281 1726 529 1777 facturos
569 1725 810 1791 polliciti
850 1728 1064 1786 essent,
1103 1738 1298 1775 omnes
1326 1731 1547 1790 praeter
1574 1724 1718 1777 hunc
1747 1726 1878 1777 ado-

143 1844 177 1859 „
278 1792 603 1851 lescentem,
626 1791 721 1856 qui
744 1796 1052 1855 postremas
1074 1787 1240 1840 hasce
1262 1790 1469 1852 attulit,
1480 1791 1760 1857 neglectui
1784 1790 1877 1842 ha·

279 1858 518 1907 buerunt
560 1856 739 1906 fldem.
812 1856 953 1905 Tum
992 1856 1139 1921 quod
1177 1855 1312 1907 mihi
1348 1855 1516 1923 longe
1547 1858 1876 1911 molestissi-

280 1939 426 1973 mum
450 1929 555 1983 est,
587 1921 883 1989 Virgilium
904 1922 1079 1985 illum,
1108 1922 1178 1971 de
1200 1937 1310 1988 quo
1330 1924 1438 1973 iam
1498 1924 1676 1974 ridem
1697 1924 1766 1975 ad
1787 1940 1875 1976 me

280 1990 579 2054 scripsisti,
618 2003 892 2054 nunquam
914 1988 1055 2049 vidi,
1095 2003 1276 2055 neque
1304 2003 1443 2055 quae
1485 2005 1574 2042 am
1602 1992 1662 2041 in
1682 1990 1875 2042 Tibul-

278 2057 408 2116 lum,
453 2069 592 2121 quae
634 2064 689 2105 te
732 2055 950 2105 misisse
990 2055 1293 2121 significas.
1367 2054 1551 2116 Quare
1597 2057 1742 2119 vide,
1784 2059 1875 2108 cui

280 2122 646 2173 commiseris:
671 2121 873 2171 nollem
895 2122 1039 2172 enim
1059 2123 1295 2187 periisse
1314 2122 1428 2173 illa.
1503 2121 1665 2183 Quod
1687 2123 1756 2174 de
1779 2124 1850 2174 ad

278 2194 446 2237 ventu
467 2185 573 2238 huc
591 2194 688 2237 tuo
710 2188 925 2250 scribis,
966 2188 1360 2254 periucundum
1381 2188 1511 2239 mihi
1534 2195 1645 2252 est;
1687 2195 1743 2240 et
1764 2202 1872 2256 ego

276 2253 379 2304 tibi
412 2256 619 2316 omnia,
660 2270 799 2320 quae
834 2255 889 2304 in
917 2269 1002 2305 me
1031 2262 1215 2316 erunt,
1257 2256 1689 2306 cumulatissime
1718 2271 1874 2323 prae-

277 2321 456 2371 stabo.
526 2320 613 2371 De
652 2321 881 2371 meliore
911 2327 1108 2371 natura
1136 2321 1280 2387 apud
1313 2321 1628 2384 Ovidium*)
1660 2323 1768 2387 iam
1794 2326 1874 2374 vi-

280 2388 421 2455 ginti
444 2387 571 2436 anni
591 2393 743 2447 sunt,
783 2402 903 2437 cum
934 2387 1090 2437 locus
1118 2388 1214 2437 ille
1240 2388 1322 2437 ita
1345 2402 1574 2453 prorsus
1602 2403 1636 2437 a
1662 2403 1750 2438 me
1780 2402 1873 2440 ex-

252 2454 515 2520 'plicatus
540 2460 645 2513 est,
688 2459 747 2502 ut
766 2454 943 2505 amico
972 2453 1057 2503 illi
1088 2460 1213 2515 tuo,
1252 2451 1462 2504 homini
1488 2454 1736 2518 erudito,
1778 2468 1872 2506 ex·

279 2520 593 2587 plicandum
637 2520 812 2569 videri
852 2520 1068 2569 scribis.
1140 2518 1336 2586 Neque
1375 2533 1509 2570 sane
1537 2534 1680 2571 nunc
1707 2521 1873 2573 aliter

279 2588 489 2649 sentio,
546 2601 709 2652 quam
754 2592 869 2636 tum
914 2586 1238 2637 sentiebam.
1316 2587 1504 2637 Artem
1550 2587 1870 2649 memoriae,

333 2674 373 2727 ¹)
406 2670 588 2713 Metam.
616 2668 655 2712 1.
681 2670 750 2710 21.
