2275 3025
490 121 745 175 EPIST.
783 123 942 174 LlB.
980 123 1087 175 111.
1125 124 1245 176 ΕΡ.
1282 126 1562 178 Lxxxl.
1728 127 1826 179 315

230 221 328 274 sed
360 222 523 288 plane
563 217 887 282 ἀναίσθητος
915 222 1130 285 videar,
1173 224 1278 274 nisi
1311 226 1717 291 persentiscere
1738 242 1825 278 me

230 288 547 347 ostendero,
573 293 833 352 quantum
860 287 961 338 tibi
986 289 1246 350 debeam,
1283 292 1378 356 qui
1405 292 1516 341 ista
1537 293 1826 343 nobilitate

229 357 469 422 generis,
486 356 598 406 ista
617 353 917 418 dignitate,
958 353 1068 404 ista
1099 356 1428 407 eruditionis
1449 358 1825 422 magnitudine

229 421 542 487 praeditus,
599 418 781 469 fasces
825 423 1010 469 tamen
1060 423 1402 473 summittere
1441 429 1498 473 et
1533 425 1600 473 de
1642 439 1824 475 rerum

230 501 476 538 mearum
498 490 646 534 statu
665 492 777 534 tam
798 484 1040 536 sollicite
1071 492 1239 553 atque
1265 494 1514 538 amanter
1534 487 1827 554 exquirere

230 568 341 604 non
364 550 630 619 graveris.
700 549 839 600 Nam
858 552 1007 616 quod
1041 567 1219 602 meam
1240 553 1611 606 eruditionem
1634 562 1690 605 et
1713 555 1826 606 elo-

231 620 509 685 quentiam
548 622 661 666 tam
698 615 886 667 multis
912 618 1095 669 verbis
1130 621 1506 682 commendas,
1552 636 1661 671 non
1702 636 1826 688 pos-

229 700 348 734 sum
371 683 624 749 equidem
648 697 872 748 negare,
894 685 1020 750 quin
1046 684 1178 734 mihi
1205 737 1214 756 ι
1257 686 1591 738 ratissimum
1619 688 1694 737 sit
1714 689 1827 737 lau-

230 750 351 800 dari
371 749 469 799 abs
499 755 555 798 te
589 748 813 799 laudato
844 750 993 800 viro:
1034 752 1132 801 sed
1155 755 1228 803 mi
1272 753 1479 820 isaepe
1498 760 1595 804 tua
1615 754 1826 820 legenti

228 817 489 866 veniebat
525 816 580 864 in
622 823 859 866 mentem
898 817 1038 868 illud
1077 818 1457 882 Homericum,
1473 822 1523 884 Ἴ
1566 819 1706 875 οὔτις
1743 838 1828 867 τοι

230 881 362 936 θεὸς
381 883 500 945 εἰμί.
568 881 730 932 Facis
761 883 901 932 tuin
935 897 1003 933 eo
1033 885 1182 949 quod
1214 887 1464 950 plerique
1496 885 1726 948 faciunt,
1765 894 1828 936 ut

230 963 372 1014 quae
394 947 499 998 sibi
520 953 841 1015 supersunt,
881 948 1007 1000 aliis
1035 965 1148 1000 non
1178 959 1406 1016 gravate
1433 953 1703 1002 tribuant:
1744 953 1826 1002 sic

230 1016 373 1065 enim
398 1021 455 1064 et
476 1019 558 1075 tu,
600 1015 693 1079 qui
732 1015 880 1063 veris
923 1030 988 1065 ac
1025 1016 1224 1066 solidis
1264 1017 1519 1068 laudibus
1558 1018 1824 1079 abundas,

230 1081 514 1141 tenuiores
546 1079 813 1130 amiculos
842 1093 1030 1130 earum
1066 1097 1178 1131 non
1198 1083 1401 1133 invitus
1422 1085 1720 1149 participes
1742 1083 1822 1134 fa·

230 1147 331 1196 cis.
402 1146 594 1210 ltaque
613 1145 684 1195 iis
708 1145 929 1196 omissis
950 1147 1019 1196 ad
1039 1148 1174 1209 alia,
1217 1164 1357 1213 quae
1378 1151 1521 1200 scire
1545 1155 1600 1201 te
1622 1165 1824 1216 cupere

228 1212 331 1274 ais,
353 1213 535 1261 venio.
607 1212 756 1276 Ego,
778 1210 987 1262 Iuliane
1007 1216 1084 1264 mi
1098 1214 1603 1280 praestantissime,
1639 1217 1824 1282 aequi·

228 1286 345 1328 tate
367 1278 534 1327 animi
561 1278 753 1327 eadem
775 1294 919 1339 sum,
960 1295 1069 1345 qua
1098 1295 1316 1349 semper
1335 1282 1441 1345 fui3
1481 1283 1822 1344 conditione,

228 1345 377 1412 quod
397 1345 467 1394 ad
486 1343 550 1392 τὰ
574 1344 769 1398 ἔξωθεν
790 1346 1006 1407 attinet,
1050 1348 1283 1399 meliore
1326 1349 1490 1415 atque
1532 1350 1823 1414 optabilio-

224 1425 305 1462 re.
376 1409 513 1461 Nam
546 1418 603 1461 et
640 1412 795 1477 ipsos
835 1413 1110 1480 principes
1155 1416 1395 1466 civitatis
1435 1416 1822 1478 amicissimos,

226 1478 493 1595 quosdam
515 1477 681 1530 etiam
703 1478 813 1529 mei
832 1480 1115 1531 studiosos
1135 1480 1334 1545 habeo,
1365 1490 1422 1534 et
1452 1497 1614 1548 opum
1637 1485 1688 1534 is
1709 1499 1821 1533 mo—

264 1560 329 1595 us
353 1554 455 1606 est,
479 1546 571 1609 qui
594 1544 662 1594 ad
684 1544 993 1596 liberaliter
1014 1549 1306 1598 vivendum
1335 1550 1410 1598 sit
1429 1550 1581 1600 satis.
1653 1550 1822 1598 Cuius

224 1612 310 1660 rei
338 1611 427 1659 vel
455 1609 561 1660 hoc
582 1610 684 1659 tibi
724 1617 1105 1674 argumentum
1126 1613 1225 1672 sit,
1265 1614 1412 1677 quod
1441 1614 1824 1676 superioribus

226 1675 527 1734 mensibus,
548 1675 724 1739 petita
743 1675 893 1739 prius
916 1676 1035 1723 eius
1068 1677 1152 1724 rei
1181 1692 1214 1725 a
1235 1676 1507 1726 Pontifice
1529 1678 1706 1739 venia,
1729 1693 1822 1743 pu-

222 1739 636 1791 blicodocendi
656 1753 906 1800 munere,
936 1740 1083 1804 quod
1105 1754 1279 1791 annos
1298 1744 1355 1791 in
1378 1740 1482 1791 hac
1501 1742 1636 1792 urbe
1657 1758 1822 1793 unum

224 1812 283 1857 et
311 1806 509 1870 viginti
543 1804 937 1865 sustinueram,
978 1810 1176 1871 sponte
1214 1821 1301 1857 me
1337 1808 1612 1858 abdicavi:
1662 1815 1720 1858 et
1745 1816 1823 1859 ta-

222 1887 349 1923 men
371 1886 440 1921 ex
460 1885 528 1921 eo
568 1869 853 1936 capiebam
883 1872 1177 1936 quotannis
1209 1875 1388 1938 septin
1433 1879 1592 1925 entos
1620 1889 1822 1925 aureos

224 1952 492 1997 nummos,
515 1950 675 2002 quam
697 1938 983 2001 pecuniam
1022 1952 1184 1989 nemo
1223 1940 1330 1990 nisi
1369 1956 1402 1991 a
1425 1941 1590 1991 iunde
1611 1940 1822 1993 affatim

220 2008 545 2064 instructus,
573 2002 758 2060 facile,
789 2008 851 2053 ut
881 2005 1107 2069 opinor,
1159 2007 1533 2058 contemserit.
1606 2008 1820 2059 Causae

223 2068 360 2120 mihi
386 2068 611 2118 fuerunt
642 2068 898 2135 capiendi
936 2072 1055 2121 eius
1095 2073 1319 2123 consilii
1356 2075 1579 2124 multae.
1653 2073 1820 2134 Quin-

224 2138 489 2202 quaginta
523 2141 651 2199 octo
674 2149 848 2185 annos
870 2143 1031 2187 natus
1054 2153 1199 2199 sum,
1224 2145 1280 2189 et
1303 2141 1485 2191 sentio
1507 2155 1593 2189 me
1613 2140 1821 2205 paulla-

221 2206 320 2255 tim
340 2202 549 2253 viribus
572 2200 751 2252 defici.
768 2238 779 2245 .
825 2201 1055 2269 Semper
1088 2211 1270 2254 autem
1293 2205 1478 2256 audivi
1498 2221 1531 2255 a
1560 2206 1822 2270 sapienti-

220 2271 325 2321 bus
352 2269 487 2329 dici,
512 2266 769 2318 desinere
796 2269 973 2323 satius
994 2284 1145 2331 esse,
1169 2286 1331 2337 quam
1352 2273 1610 2323 deficere.
1679 2272 1822 2322 Mul-

222 2346 280 2387 ta
299 2338 506 2401 scripta
548 2332 727 2383 habeo
766 2335 967 2399 partim
1002 2334 1283 2399 inchoata,
1324 2338 1522 2404 partim
1551 2340 1718 2388 etiam
1741 2335 1819 2387 af—

220 2402 398 2464 fecta3
440 2414 581 2479 quae
601 2414 814 2450 mecum
855 2402 1040 2451 omnia
1074 2403 1410 2455 intercidant
1446 2418 1676 2455 necesse
1716 2410 1819 2463 est,

222 2470 326 2519 nisi
349 2466 485 2519 miln
504 2466 574 2516 ad
596 2481 663 2517 ea
684 2466 1018 2533 expolienda
1039 2469 1143 2519 otii
1163 2470 1373 2535 aliquid
1394 2482 1662 2521 sumsero.
1736 2468 1819 2521 Si-

220 2535 335 2586 mul
353 2533 613 2595 verebar,
652 2546 721 2584 ne
742 2533 865 2601 quis
904 2526 1190 2598 ἀπληστίαν
1225 2551 1404 2588 meam
1425 2542 1734 2599 accusaret,
1771 2537 1822 2587 si

280 2614 319 2669 ·)
349 2611 507 2656 11.1v.
527 2612 595 2655 ss,
