2275 3025
335 127 436 179 248
871 122 948 175 M.
983 124 1046 176 A.
1082 121 1398 178 MURE'm

331 226 536 293 Accepi
551 224 743 276 insitia
761 223 1046 287 tredecim,
1067 227 1421 289 *)·numerum
1445 223 1573 277 huic
1592 224 1944 292 pontificatui

336 297 760 360 congruentem}
804 298 861 342 et
891 307 1014 342 cum
1036 293 1120 343 eis
1141 305 1241 343 sco
1280 307 1343 343 as
1365 292 1702 344 excutiendo
1721 307 1751 343 e
1774 294 1943 343 resti·

333 360 438 410 hus
555 358 672 408 veri
688 357 846 408 binas
867 373 1002 409 sane
1021 373 1184 426 quam
1204 373 1235 410 e
1261 364 1509 426 egentes.
1566 359 1655 410 De
1677 360 1749 410 iis
1770 359 1945 410 omni-

338 427 442 477 bus
501 425 644 475 abeo
667 425 789 486 tibi,
813 431 871 475 ut
890 439 990 492 par
1011 433 1115 486 est,
1137 439 1393 492 magnam
1412 426 1666 492 gratiam.
1724 425 1949 476 Vellem

377 505 562 558 noque
582 490 794 558 aliquid
817 497 986 554 esset,
1015 492 1167 558 quod
1185 498 1247 542 tu
1267 492 1371 542 tibi
1392 494 1577 542 curari
1596 491 1792 554 velles,
1830 507 1945 542 non

339 509 597 611 deessem
634 558 837 609 officio.
910 557 1021 610 Sed
1039 565 1102 608 tu
1136 561 1248 609 iam
1286 558 1497 624 pridem
1519 559 1599 609 ita
1620 572 1835 608 mecum
1852 572 1946 608 so·

340 628 601 678 cietatem
622 625 830 686 coiisti,
851 630 914 676 ut
930 632 1062 675 tuae
1080 632 1270 691 partes
1291 626 1403 676 sint
1424 624 1610 686 dandi,
1634 623 1946 690 accipiendi

337 707 514 744 meae.
585 692 766 742 Tuum
787 697 974 742 tamen
994 691 1294 758 aliquando
1329 689 1519 754 fuerit,
1562 691 1781 757 aliquid
1808 687 1946 740 mihi

339 758 622 820 niandare,
655 757 803 824 quod
825 764 922 807 tua
941 773 1111 808 causa
1127 757 1355 808 faciamz
1394 759 1505 809 nisi
1524 771 1749 824 operam
1768 771 1948 808 meam

341 832 454 876 tam
473 824 628 891 parvi
649 825 902 888 deputas,
925 823 1065 875 nihil
1085 832 1147 874 ut
1168 824 1271 875 tibi
1290 838 1493 876 navare
1512 825 1739 891 possim.
1778 823 1949 890 Equi·

343 891 468 943 dem
490 891 541 941 si
560 888 699 940 nihil
719 889 874 940 aliud
891 897 1107 958 potero,
1125 890 1343 958 augebo
1365 906 1433 942 ac
1450 891 1742 942 cumulabo
1762 904 1950 940 acces·

341 959 502 1009 sione
523 956 711 1024 aliqua
745 957 1131 1009 munusculum
1168 959 1326 1020 illud,
1348 973 1457 1025 quo
1487 963 1549 1008 tu
1581 961 1739 1008 tanto
1779 969 1949 1022 opere

344 1023 619 1076 oblectari
659 1026 808 1075 visus
847 1037 935 1076 est
977 1025 1493 1077 commentariolum
1528 1024 1685 1075 illum
1724 1023 1851 1073 dico
1888 1023 1950 1072 in

342 1091 671 1158 particulam
691 1091 1113 1145 pandectarum.
1168 1091 1343 1153 Quem
1362 1091 1697 1159 perpolitum
1716 1089 1950 1156 diligen-

343 1159 456 1210 tius
497 1163 554 1208 et
576 1158 756 1209 altero
778 1165 936 1209 tanto
960 1161 1271 1211 auctiorem
1292 1159 1399 1210 tibi
1438 1159 1619 1209 denuo
1651 1169 1951 1223 apponam:

331 1224 454 1290 ‚etsi
477 1239 587 1296 non
625 1240 746 1275 sum
766 1226 1010 1288 nescius,
1049 1227 1291 1292 repetita
1328 1226 1547 1276 crambe
1583 1225 1719 1290 quid
1753 1222 1949 1273 audire

346 1291 547 1341 soleat.
621 1289 732 1342 Sed
771 1305 883 1342 non
915 1305 1144 1356 possum
1181 1290 1391 1352 facere,
1422 1294 1553 1358 quin
1591 1291 1698 1342 tibi
1723 1288 1948 1346 assidue

344 1355 556 1422 aliquid
576 1357 764 1406 oneris
784 1357 1078 1422 imponam.
1146 1357 1331 1408 Ardeo
1368 1357 1684 1416 incredibili
1712 1350 1951 1423 quadam

346 1421 650 1501 cupiditate
669 1421 802 1500 myri
829 1423 1116 1501 cuiusdam
1152 1431 1421 1504 asmatum
1458 1425 1725 1541 CKpi-iani
1747 1421 1948 1504 lteris,

347 1493 664 1617 issiffiffi?
681 1491 1179 1622 :221312203330350‘3
1200 1485 1949 1625 33÷3¹5312m,·31.20?1¹33‘33,25

347 1625 440 1675 sit.
509 1623 586 1674 Ac
606 1622 748 1683 vide,
773 1629 1116 1692 quantopere
1137 1627 1235 1676 tua
1252 1624 1525 1677 facilitate
1556 1625 1769 1674 abutar.
1840 1620 1947 1673 Ve-

344 1690 442 1743 lim
462 1696 519 1742 te
541 1697 599 1742 et
615 1704 716 1756 per
735 1697 790 1742 te
812 1696 870 1742 et
905 1704 1006 1759 per
1029 1693 1243 1744 unicos
1276 1708 1309 1742 o
1384 1706 1501 1743 ram
1530 1692 1683 1752 dare,
1722 1694 1784 1740 ut
1822 1702 1950 1738 eum

257 1779 268 1789 ·
345 1759 597 1825 reperias
636 1759 784 1809 etad
807 1774 894 1809 mc
917 1760 1125 1823 mittas,
1162 1760 1317 1826 preci
1358 1774 1443 1821 us,
1480 1758 1683 1825 pretio,
1724 1768 1949 1823 quoquo

345 1824 532 1876 modo.
603 1822 748 1875 Mihi
762 1825 899 1876 nihil
914 1825 1104 1895 refert,
1141 1828 1223 1877 ait
1248 1826 1579 1877 adolescens
1617 1822 1715 1873 ille
1743 1824 1953 1873 Teren-

328 1890 550 1952 tianus,
591 1890 714 1941 dum
745 1892 950 1956 potiar.
971 1893 1052 1954 *Ἴ
1121 1892 1391 1944 Levicula
1427 1906 1518 1943 res
1540 1890 1717 1941 videri
1736 1892 1951 1954 potest:

347 1956 448 2007 sed
467 1962 651 2007 tamen
677 1970 936 2021 magnum
959 1956 1094 2007 mihi
1116 1972 1151 2008 a
1168 1965 1227 2009 te
1246 1960 1488 2008 officium
1508 1958 1772 2008 tributum
1828 1958 1953 2006 uta·

346 2023 438 2082 bo,
463 2023 510 2071 si
531 2020 673 2071 hanc
691 2022 1006 2073 molestiam
1036 2036 1161 2073 mea
1180 2038 1351 2073 causa
1386 2024 1673 2091 suscipere
1701 2036 1766 2073 ac
1826 2034 1954 2072 evo·

347 2102 474 2139 rare
499 2102 608 2138 non
631 2086 973 2153 gravaberis.
1001 2150 1008 2157 ⁶
1043 2087 1171 2141 Hoc
1191 2089 1369 2155 igitur
1386 2090 1468 2140 ita
1488 2098 1591 2141 ate
1608 2095 1763 2155 peto,
1785 2094 1849 2138 ut
1867 2100 1954 2136 ar·

347 2153 570 2206 dentius
593 2169 660 2205 ac
679 2154 892 2205 maiore
913 2156 1102 2205 studio
1122 2161 1335 2222 petere,
1370 2154 1478 2207 hoc
1497 2157 1719 2222 quidem
1741 2161 1955 2219 tempo-

346 2236 426 2283 re,
448 2220 587 2273 nihil
610 2222 835 2288 possim.
903 2220 1030 2284 Fer,
1054 2236 1264 2289 quaeso
1300 2229 1378 2285 te,
1418 2221 1525 2274 hoc
1560 2226 1652 2275 ine
1691 2224 1807 2272 tuln
1835 2226 1951 2270 stu·

348 2288 496 2339 dium
521 2304 721 2351 meum,
744 2294 803 2339 et
821 2290 1021 2351 amico,
1056 2291 1218 2356 quasi
1242 2291 1577 2359 aegrotanti,
1616 2304 1649 2339 o
1724 2300 1948 2353 equore.

346 2356 482 2403 Ama
517 2370 604 2405 me
647 2358 705 2407 et
741 2355 1112 2407 valetudinem
1154 2366 1305 2407 tuam
1346 2370 1496 2408 cura.
1552 2356 1778 2407 Romae.
1822 2362 1947 2405 xiv.

344 2418 472 2469 Kal.
512 2420 614 2472 lul.
655 2434 974 2475 nonxxxu.
1430 2446 1437 2451 ·

404 2514 443 2567 ¹)
476 2515 548 2557 Cf.
567 2517 623 2559 ael
643 2516 730 2560 111.
751 2531 826 2571 ep.
844 2524 915 2562 21.

401 2570 464 2623 ¹⁸)
496 2569 608 2613 nun.
625 2570 689 2614 11.
709 2576 751 2614 ³.
767 2576 838 2615 2⁸.

937 2636 1349 2651 ψ-
