<?xml version="1.0" encoding="UTF-8"?>
<!DOCTYPE html PUBLIC "-//W3C//DTD XHTML 1.0 Transitional//EN"
    "http://www.w3.org/TR/xhtml1/DTD/xhtml1-transitional.dtd">
<html xmlns="http://www.w3.org/1999/xhtml" xml:lang="en" lang="en">
 <head>
  <title>
</title>
<meta http-equiv="Content-Type" content="text/html;charset=utf-8" />
  <meta name='ocr-system' content='tesseract 3.04.00' />
  <meta name='ocr-capabilities' content='ocr_page ocr_carea ocr_par ocr_line ocrx_word'/>
</head>
<body>
  <div class='ocr_page' id='page_1' title='image "./epistolae00unkngoog_0294.png"; bbox 0 0 2275 3025; ppageno 0'>
   <div class='ocr_carea' id='block_1_1' title="bbox 449 131 1517 186">
    <p class='ocr_par' dir='ltr' id='par_1_1' title="bbox 449 131 1517 186">
     <span class='ocr_line' id='line_1_1' title="bbox 449 131 1517 186; baseline -0.003 -1"><span class='ocrx_word' id='word_1_1' title='bbox 449 133 550 186; x_wconf 73' lang='lat'><strong>286</strong></span> <span class='ocrx_word' id='word_1_2' title='bbox 977 131 1056 183; x_wconf 89' lang='lat' dir='ltr'><strong>M.</strong></span> <span class='ocrx_word' id='word_1_3' title='bbox 1091 133 1153 183; x_wconf 82' lang='lat' dir='ltr'><strong>A.</strong></span> <span class='ocrx_word' id='word_1_4' title='bbox 1188 131 1517 183; x_wconf 84' lang='lat' dir='ltr'>MURETI</span> 
     </span>
    </p>
   </div>
   <div class='ocr_carea' id='block_1_2' title="bbox 449 226 2089 1343">
    <p class='ocr_par' dir='ltr' id='par_1_2' title="bbox 449 226 2089 829">
     <span class='ocr_line' id='line_1_2' title="bbox 449 226 2087 298; baseline 0 -14"><span class='ocrx_word' id='word_1_5' title='bbox 449 233 556 286; x_wconf 88' lang='lat' dir='ltr'><strong>tibi</strong></span> <span class='ocrx_word' id='word_1_6' title='bbox 577 245 715 282; x_wconf 89' lang='lat' dir='ltr'><strong>ame</strong></span> <span class='ocrx_word' id='word_1_7' title='bbox 741 230 1058 283; x_wconf 82' lang='lat' dir='ltr'><strong>mandatum</strong></span> <span class='ocrx_word' id='word_1_8' title='bbox 1099 232 1333 292; x_wconf 80' lang='lat' dir='ltr'><strong>curasti,</strong></span> <span class='ocrx_word' id='word_1_9' title='bbox 1372 238 1433 282; x_wconf 90' lang='lat' dir='ltr'><strong>ut</strong></span> <span class='ocrx_word' id='word_1_10' title='bbox 1470 245 1577 298; x_wconf 84' lang='lat' dir='ltr'><strong>ego</strong></span> <span class='ocrx_word' id='word_1_11' title='bbox 1616 231 1738 296; x_wconf 86' lang='lat' dir='ltr'><strong>ipse</strong></span> <span class='ocrx_word' id='word_1_12' title='bbox 1778 226 2087 284; x_wconf 75' lang='lat' dir='ltr'><strong>maiorem</strong></span> 
     </span>
     <span class='ocr_line' id='line_1_3' title="bbox 453 298 2089 366; baseline -0.001 -16"><span class='ocrx_word' id='word_1_13' title='bbox 453 306 648 365; x_wconf 88' lang='lat' dir='ltr'><strong>optare</strong></span> <span class='ocrx_word' id='word_1_14' title='bbox 688 315 798 349; x_wconf 89' lang='lat' dir='ltr'><strong>non</strong></span> <span class='ocrx_word' id='word_1_15' title='bbox 838 299 1129 366; x_wconf 89' lang='lat' dir='ltr'><strong>potuerim.</strong></span> <span class='ocrx_word' id='word_1_16' title='bbox 1203 300 1465 348; x_wconf 88' lang='lat' dir='ltr'><strong>loannem</strong></span> <span class='ocrx_word' id='word_1_17' title='bbox 1492 298 1780 348; x_wconf 87' lang='lat' dir='ltr'><strong>Metellum</strong></span> <span class='ocrx_word' id='word_1_18' title='bbox 1812 299 1931 348; x_wconf 86' lang='lat' dir='ltr'><strong>iam</strong></span> <span class='ocrx_word' id='word_1_19' title='bbox 1954 301 2089 364; x_wconf 83' lang='lat' dir='ltr'><strong>pri-</strong></span> 
     </span>
     <span class='ocr_line' id='line_1_4' title="bbox 455 363 2080 431; baseline -0.001 -15"><span class='ocrx_word' id='word_1_20' title='bbox 455 365 578 416; x_wconf 87' lang='lat' dir='ltr'><strong>dem</strong></span> <span class='ocrx_word' id='word_1_21' title='bbox 607 380 637 415; x_wconf 89' lang='lat' dir='ltr'><strong>e</strong></span> <span class='ocrx_word' id='word_1_22' title='bbox 659 366 816 416; x_wconf 89' lang='lat' dir='ltr'><strong>libris</strong></span> <span class='ocrx_word' id='word_1_23' title='bbox 838 366 1062 414; x_wconf 80' lang='lat' dir='ltr'><strong>Antonii</strong></span> <span class='ocrx_word' id='word_1_24' title='bbox 1079 365 1374 431; x_wconf 80' lang='lat' dir='ltr'><strong>Augustini</strong></span> <span class='ocrx_word' id='word_1_25' title='bbox 1414 373 1470 414; x_wconf 91' lang='lat' dir='ltr'><strong>et</strong></span> <span class='ocrx_word' id='word_1_26' title='bbox 1491 380 1522 414; x_wconf 91' lang='lat' dir='ltr'><strong>e</strong></span> <span class='ocrx_word' id='word_1_27' title='bbox 1545 363 1897 415; x_wconf 81' lang='lat' dir='ltr'><strong>sermonibus</strong></span> <span class='ocrx_word' id='word_1_28' title='bbox 1920 366 2080 415; x_wconf 78' lang='lat' dir='ltr'><strong>Hie-</strong></span> 
     </span>
     <span class='ocr_line' id='line_1_5' title="bbox 450 429 2076 498; baseline -0.001 -16"><span class='ocrx_word' id='word_1_29' title='bbox 450 434 672 498; x_wconf 87' lang='lat' dir='ltr'><strong>ronymi</strong></span> <span class='ocrx_word' id='word_1_30' title='bbox 694 432 883 482; x_wconf 84' lang='lat' dir='ltr'><strong>Osorii</strong></span> <span class='ocrx_word' id='word_1_31' title='bbox 905 445 1191 481; x_wconf 82' lang='lat' dir='ltr'><strong>noveram:</strong></span> <span class='ocrx_word' id='word_1_32' title='bbox 1234 431 1333 481; x_wconf 87' lang='lat' dir='ltr'><strong>sed</strong></span> <span class='ocrx_word' id='word_1_33' title='bbox 1364 445 1491 482; x_wconf 87' lang='lat' dir='ltr'><strong>eum</strong></span> <span class='ocrx_word' id='word_1_34' title='bbox 1515 429 1651 481; x_wconf 81' lang='lat' dir='ltr'><strong>mihi</strong></span> <span class='ocrx_word' id='word_1_35' title='bbox 1688 438 1843 480; x_wconf 84' lang='lat' dir='ltr'><strong>tanto</strong></span> <span class='ocrx_word' id='word_1_36' title='bbox 1879 446 2076 496; x_wconf 89' lang='lat' dir='ltr'><strong>opere</strong></span> 
     </span>
     <span class='ocr_line' id='line_1_6' title="bbox 456 496 2077 561; baseline 0 -13"><span class='ocrx_word' id='word_1_37' title='bbox 456 499 689 550; x_wconf 85' lang='lat' dir='ltr'><strong>amicum</strong></span> <span class='ocrx_word' id='word_1_38' title='bbox 711 512 836 548; x_wconf 85' lang='lat' dir='ltr'><strong>esse</strong></span> <span class='ocrx_word' id='word_1_39' title='bbox 857 497 1190 547; x_wconf 85' lang='lat' dir='ltr'><strong>nesciebam.</strong></span> <span class='ocrx_word' id='word_1_40' title='bbox 1258 496 1406 546; x_wconf 78' lang='lat' dir='ltr'><strong>Peto</strong></span> <span class='ocrx_word' id='word_1_41' title='bbox 1429 513 1462 546; x_wconf 89' lang='lat' dir='ltr'><strong>a</strong></span> <span class='ocrx_word' id='word_1_42' title='bbox 1480 503 1555 559; x_wconf 89' lang='lat' dir='ltr'><strong>te,</strong></span> <span class='ocrx_word' id='word_1_43' title='bbox 1580 504 1654 558; x_wconf 88' lang='lat' dir='ltr'><strong>ut,</strong></span> <span class='ocrx_word' id='word_1_44' title='bbox 1676 511 1799 548; x_wconf 85' lang='lat' dir='ltr'><strong>eum</strong></span> <span class='ocrx_word' id='word_1_45' title='bbox 1820 499 2077 561; x_wconf 86' lang='lat' dir='ltr'><strong>primum</strong></span> 
     </span>
     <span class='ocr_line' id='line_1_7' title="bbox 455 563 2075 631; baseline -0.001 -15"><span class='ocrx_word' id='word_1_46' title='bbox 455 566 620 631; x_wconf 84' lang='lat' dir='ltr'><strong>copia</strong></span> <span class='ocrx_word' id='word_1_47' title='bbox 639 565 763 624; x_wconf 85' lang='lat' dir='ltr'><strong>erit,</strong></span> <span class='ocrx_word' id='word_1_48' title='bbox 799 577 922 613; x_wconf 89' lang='lat' dir='ltr'><strong>eum</strong></span> <span class='ocrx_word' id='word_1_49' title='bbox 943 577 1068 613; x_wconf 87' lang='lat' dir='ltr'><strong>meo</strong></span> <span class='ocrx_word' id='word_1_50' title='bbox 1090 563 1311 612; x_wconf 88' lang='lat' dir='ltr'><strong>nomine</strong></span> <span class='ocrx_word' id='word_1_51' title='bbox 1333 563 1565 624; x_wconf 82' lang='lat' dir='ltr'><strong>salutes,</strong></span> <span class='ocrx_word' id='word_1_52' title='bbox 1610 564 1771 628; x_wconf 82' lang='lat' dir='ltr'><strong>eique</strong></span> <span class='ocrx_word' id='word_1_53' title='bbox 1805 577 1908 630; x_wconf 87' lang='lat' dir='ltr'><strong>pro</strong></span> <span class='ocrx_word' id='word_1_54' title='bbox 1942 579 2075 614; x_wconf 85' lang='lat' dir='ltr'><strong>cer·</strong></span> 
     </span>
     <span class='ocr_line' id='line_1_8' title="bbox 453 629 2072 694; baseline -0.001 -13"><span class='ocrx_word' id='word_1_55' title='bbox 453 638 512 681; x_wconf 87' lang='lat' dir='ltr'><strong>to</strong></span> <span class='ocrx_word' id='word_1_56' title='bbox 537 631 849 690; x_wconf 81' lang='lat' dir='ltr'><strong>confirmes,</strong></span> <span class='ocrx_word' id='word_1_57' title='bbox 873 643 959 679; x_wconf 90' lang='lat' dir='ltr'><strong>me</strong></span> <span class='ocrx_word' id='word_1_58' title='bbox 985 629 1145 677; x_wconf 83' lang='lat' dir='ltr'><strong>valde</strong></span> <span class='ocrx_word' id='word_1_59' title='bbox 1173 629 1393 694; x_wconf 88' lang='lat' dir='ltr'><strong>quidem</strong></span> <span class='ocrx_word' id='word_1_60' title='bbox 1427 629 1731 679; x_wconf 81' lang='lat' dir='ltr'><strong>litteratum</strong></span> <span class='ocrx_word' id='word_1_61' title='bbox 1763 645 1875 679; x_wconf 87' lang='lat' dir='ltr'><strong>non</strong></span> <span class='ocrx_word' id='word_1_62' title='bbox 1908 645 2072 692; x_wconf 86' lang='lat' dir='ltr'><strong>esse,</strong></span> 
     </span>
     <span class='ocr_line' id='line_1_9' title="bbox 455 695 2071 762; baseline 0 -16"><span class='ocrx_word' id='word_1_63' title='bbox 455 697 554 747; x_wconf 86' lang='lat' dir='ltr'><strong>sed</strong></span> <span class='ocrx_word' id='word_1_64' title='bbox 593 697 754 746; x_wconf 82' lang='lat' dir='ltr'><strong>valde</strong></span> <span class='ocrx_word' id='word_1_65' title='bbox 797 695 1183 744; x_wconf 79' lang='lat' dir='ltr'><strong>observantem</strong></span> <span class='ocrx_word' id='word_1_66' title='bbox 1236 695 1509 744; x_wconf 88' lang='lat' dir='ltr'><strong>eiusmodi</strong></span> <span class='ocrx_word' id='word_1_67' title='bbox 1549 697 1819 757; x_wconf 83' lang='lat' dir='ltr'><strong>virorum,</strong></span> <span class='ocrx_word' id='word_1_68' title='bbox 1874 697 2071 762; x_wconf 84' lang='lat' dir='ltr'><strong>qualis</strong></span> 
     </span>
     <span class='ocr_line' id='line_1_10' title="bbox 453 758 2069 829; baseline 0.001 -18"><span class='ocrx_word' id='word_1_69' title='bbox 453 763 576 829; x_wconf 86' lang='lat' dir='ltr'><strong>ipse</strong></span> <span class='ocrx_word' id='word_1_70' title='bbox 598 767 700 822; x_wconf 84' lang='lat' dir='ltr'><strong>est,</strong></span> <span class='ocrx_word' id='word_1_71' title='bbox 723 758 831 810; x_wconf 86' lang='lat' dir='ltr'><strong>hoe</strong></span> <span class='ocrx_word' id='word_1_72' title='bbox 853 766 957 821; x_wconf 82' lang='lat' dir='ltr'><strong>est,</strong></span> <span class='ocrx_word' id='word_1_73' title='bbox 981 760 1294 810; x_wconf 79' lang='lat' dir='ltr'><strong>eruditione</strong></span> <span class='ocrx_word' id='word_1_74' title='bbox 1326 767 1383 810; x_wconf 89' lang='lat' dir='ltr'><strong>et</strong></span> <span class='ocrx_word' id='word_1_75' title='bbox 1410 762 1610 810; x_wconf 74' lang='lat' dir='ltr'><strong>virtute</strong></span> <span class='ocrx_word' id='word_1_76' title='bbox 1634 763 2069 826; x_wconf 85' lang='lat' dir='ltr'><strong>praestantium.</strong></span> 
     </span>
    </p>

    <p class='ocr_par' dir='ltr' id='par_1_3' title="bbox 455 825 2069 893">
     <span class='ocr_line' id='line_1_11' title="bbox 455 825 2069 893; baseline 0 -15"><span class='ocrx_word' id='word_1_77' title='bbox 455 829 647 893; x_wconf 85' lang='lat' dir='ltr'><strong>ltaque</strong></span> <span class='ocrx_word' id='word_1_78' title='bbox 670 825 870 892; x_wconf 87' lang='lat' dir='ltr'><strong>siquid</strong></span> <span class='ocrx_word' id='word_1_79' title='bbox 893 841 926 875; x_wconf 89' lang='lat' dir='ltr'><strong>a</strong></span> <span class='ocrx_word' id='word_1_80' title='bbox 945 841 1031 876; x_wconf 90' lang='lat' dir='ltr'><strong>me</strong></span> <span class='ocrx_word' id='word_1_81' title='bbox 1055 840 1225 877; x_wconf 85' lang='lat' dir='ltr'><strong>causa</strong></span> <span class='ocrx_word' id='word_1_82' title='bbox 1244 842 1345 877; x_wconf 89' lang='lat' dir='ltr'><strong>sua</strong></span> <span class='ocrx_word' id='word_1_83' title='bbox 1371 825 1463 876; x_wconf 83' lang='lat' dir='ltr'><strong>hie</strong></span> <span class='ocrx_word' id='word_1_84' title='bbox 1486 827 1609 876; x_wconf 83' lang='lat' dir='ltr'><strong>fieri</strong></span> <span class='ocrx_word' id='word_1_85' title='bbox 1633 842 1799 892; x_wconf 86' lang='lat' dir='ltr'><strong>posse</strong></span> <span class='ocrx_word' id='word_1_86' title='bbox 1822 829 2069 878; x_wconf 80' lang='lat' dir='ltr'><strong>arbitre-</strong></span> 
     </span>
    </p>

    <p class='ocr_par' dir='ltr' id='par_1_4' title="bbox 455 891 2065 961">
     <span class='ocr_line' id='line_1_12' title="bbox 455 891 2065 961; baseline 0.001 -18"><span class='ocrx_word' id='word_1_87' title='bbox 455 903 564 954; x_wconf 85' lang='lat' dir='ltr'><strong>tur,</strong></span> <span class='ocrx_word' id='word_1_88' title='bbox 586 908 818 959; x_wconf 85' lang='lat' dir='ltr'><strong>magnae</strong></span> <span class='ocrx_word' id='word_1_89' title='bbox 842 891 974 942; x_wconf 85' lang='lat' dir='ltr'><strong>mihi</strong></span> <span class='ocrx_word' id='word_1_90' title='bbox 995 907 1161 942; x_wconf 85' lang='lat' dir='ltr'><strong>curae</strong></span> <span class='ocrx_word' id='word_1_91' title='bbox 1194 892 1336 953; x_wconf 78' lang='lat' dir='ltr'><strong>fore,</strong></span> <span class='ocrx_word' id='word_1_92' title='bbox 1374 899 1433 942; x_wconf 90' lang='lat' dir='ltr'><strong>ut</strong></span> <span class='ocrx_word' id='word_1_93' title='bbox 1462 893 1626 959; x_wconf 88' lang='lat' dir='ltr'><strong>plane</strong></span> <span class='ocrx_word' id='word_1_94' title='bbox 1642 895 1968 961; x_wconf 84' lang='lat' dir='ltr'><strong>perspiciat,</strong></span> <span class='ocrx_word' id='word_1_95' title='bbox 1994 909 2065 944; x_wconf 84' lang='lat' dir='ltr'><strong>se</strong></span> 
     </span>
    </p>

    <p class='ocr_par' dir='ltr' id='par_1_5' title="bbox 457 958 2063 1011">
     <span class='ocr_line' id='line_1_13' title="bbox 457 958 2063 1011; baseline 0.001 -1"><span class='ocrx_word' id='word_1_96' title='bbox 457 973 491 1010; x_wconf 90' lang='lat' dir='ltr'><strong>a</strong></span> <span class='ocrx_word' id='word_1_97' title='bbox 508 975 595 1010; x_wconf 86' lang='lat' dir='ltr'><strong>me</strong></span> <span class='ocrx_word' id='word_1_98' title='bbox 614 959 944 1010; x_wconf 83' lang='lat' dir='ltr'><strong>mirabiliter</strong></span> <span class='ocrx_word' id='word_1_99' title='bbox 980 961 1170 1010; x_wconf 84' lang='lat' dir='ltr'><strong>amari.</strong></span> <span class='ocrx_word' id='word_1_100' title='bbox 1239 961 1282 1008; x_wconf 83' lang='grc' dir='ltr'>Α</span> <span class='ocrx_word' id='word_1_101' title='bbox 1318 959 1579 1009; x_wconf 80' lang='lat' dir='ltr'><strong>Plautino</strong></span> <span class='ocrx_word' id='word_1_102' title='bbox 1604 958 1745 1009; x_wconf 85' lang='lat' dir='ltr'><strong>nihil</strong></span> <span class='ocrx_word' id='word_1_103' title='bbox 1765 958 1947 1010; x_wconf 80' lang='lat' dir='ltr'><strong>adhuc</strong></span> <span class='ocrx_word' id='word_1_104' title='bbox 1967 975 2063 1011; x_wconf 84' lang='lat' dir='ltr'><strong>ae-</strong></span> 
     </span>
    </p>

    <p class='ocr_par' dir='ltr' id='par_1_6' title="bbox 458 1024 2060 1092">
     <span class='ocr_line' id='line_1_14' title="bbox 458 1024 2060 1092; baseline 0 -16"><span class='ocrx_word' id='word_1_105' title='bbox 458 1027 597 1092; x_wconf 82' lang='lat' dir='ltr'><strong>cepi.</strong></span> <span class='ocrx_word' id='word_1_106' title='bbox 670 1026 727 1078; x_wconf 88' lang='lat' dir='ltr'><strong>Si</strong></span> <span class='ocrx_word' id='word_1_107' title='bbox 751 1025 882 1092; x_wconf 87' lang='lat' dir='ltr'><strong>quid</strong></span> <span class='ocrx_word' id='word_1_108' title='bbox 903 1039 1195 1090; x_wconf 86' lang='lat' dir='ltr'><strong>accepero,</strong></span> <span class='ocrx_word' id='word_1_109' title='bbox 1215 1024 1413 1076; x_wconf 88' lang='lat' dir='ltr'><strong>faciam</strong></span> <span class='ocrx_word' id='word_1_110' title='bbox 1435 1032 1493 1075; x_wconf 87' lang='lat' dir='ltr'><strong>te</strong></span> <span class='ocrx_word' id='word_1_111' title='bbox 1519 1027 1705 1074; x_wconf 88' lang='lat' dir='ltr'><strong>statim</strong></span> <span class='ocrx_word' id='word_1_112' title='bbox 1736 1024 2060 1076; x_wconf 84' lang='lat' dir='ltr'><strong>certiorem.</strong></span> 
     </span>
    </p>

    <p class='ocr_par' dir='ltr' id='par_1_7' title="bbox 457 1092 2063 1159">
     <span class='ocr_line' id='line_1_15' title="bbox 457 1092 2063 1159; baseline -0.001 -15"><span class='ocrx_word' id='word_1_113' title='bbox 457 1095 545 1144; x_wconf 91' lang='lat' dir='ltr'><strong>Tu</strong></span> <span class='ocrx_word' id='word_1_114' title='bbox 566 1108 787 1159; x_wconf 86' lang='lat' dir='ltr'><strong>quoque</strong></span> <span class='ocrx_word' id='word_1_115' title='bbox 817 1098 878 1142; x_wconf 85' lang='lat' dir='ltr'><strong>ut</strong></span> <span class='ocrx_word' id='word_1_116' title='bbox 911 1093 1056 1142; x_wconf 88' lang='lat' dir='ltr'><strong>idem</strong></span> <span class='ocrx_word' id='word_1_117' title='bbox 1087 1092 1284 1153; x_wconf 85' lang='lat' dir='ltr'><strong>facias,</strong></span> <span class='ocrx_word' id='word_1_118' title='bbox 1326 1107 1358 1141; x_wconf 90' lang='lat' dir='ltr'><strong>a</strong></span> <span class='ocrx_word' id='word_1_119' title='bbox 1387 1099 1444 1142; x_wconf 87' lang='lat' dir='ltr'><strong>te</strong></span> <span class='ocrx_word' id='word_1_120' title='bbox 1466 1092 1731 1142; x_wconf 86' lang='lat' dir='ltr'><strong>maiorem</strong></span> <span class='ocrx_word' id='word_1_121' title='bbox 1752 1093 1809 1141; x_wconf 90' lang='lat' dir='ltr'><strong>in</strong></span> <span class='ocrx_word' id='word_1_122' title='bbox 1830 1092 2063 1143; x_wconf 87' lang='lat' dir='ltr'><strong>modum</strong></span> 
     </span>
    </p>

    <p class='ocr_par' dir='ltr' id='par_1_8' title="bbox 456 1157 2059 1225">
     <span class='ocr_line' id='line_1_16' title="bbox 456 1157 2059 1225; baseline 0.001 -17"><span class='ocrx_word' id='word_1_123' title='bbox 456 1166 588 1225; x_wconf 83' lang='lat' dir='ltr'><strong>peto</strong></span> <span class='ocrx_word' id='word_1_124' title='bbox 615 1165 779 1225; x_wconf 84' lang='lat' dir='ltr'><strong>atque</strong></span> <span class='ocrx_word' id='word_1_125' title='bbox 801 1157 1098 1209; x_wconf 79' lang='lat' dir='ltr'><strong>contendo.</strong></span> <span class='ocrx_word' id='word_1_126' title='bbox 1171 1159 1485 1209; x_wconf 82' lang='lat' dir='ltr'><strong>Hermanne</strong></span> <span class='ocrx_word' id='word_1_127' title='bbox 1524 1157 1597 1206; x_wconf 90' lang='lat' dir='ltr'><strong>mi</strong></span> <span class='ocrx_word' id='word_1_128' title='bbox 1627 1161 1831 1222; x_wconf 86' lang='lat' dir='ltr'><strong>optime</strong></span> <span class='ocrx_word' id='word_1_129' title='bbox 1855 1165 1911 1208; x_wconf 87' lang='lat' dir='ltr'><strong>et</strong></span> <span class='ocrx_word' id='word_1_130' title='bbox 1931 1173 2059 1208; x_wconf 89' lang='lat' dir='ltr'><strong>sua·</strong></span> 
     </span>
    </p>

    <p class='ocr_par' dir='ltr' id='par_1_9' title="bbox 455 1223 2060 1292">
     <span class='ocr_line' id='line_1_17' title="bbox 455 1223 2060 1292; baseline 0.001 -18"><span class='ocrx_word' id='word_1_131' title='bbox 455 1225 707 1286; x_wconf 78' lang='lat' dir='ltr'><strong>vissime‚</strong></span> <span class='ocrx_word' id='word_1_132' title='bbox 753 1226 918 1274; x_wconf 87' lang='lat' dir='ltr'><strong>etiam</strong></span> <span class='ocrx_word' id='word_1_133' title='bbox 956 1231 1120 1292; x_wconf 89' lang='lat' dir='ltr'><strong>atque</strong></span> <span class='ocrx_word' id='word_1_134' title='bbox 1155 1224 1319 1276; x_wconf 87' lang='lat' dir='ltr'><strong>etiam</strong></span> <span class='ocrx_word' id='word_1_135' title='bbox 1340 1225 1484 1276; x_wconf 79' lang='lat' dir='ltr'><strong>vale.</strong></span> <span class='ocrx_word' id='word_1_136' title='bbox 1554 1223 1781 1274; x_wconf 85' lang='lat' dir='ltr'><strong>Romae.</strong></span> <span class='ocrx_word' id='word_1_137' title='bbox 1804 1239 1904 1276; x_wconf 77' lang='lat' dir='ltr'><strong>xv·</strong></span> <span class='ocrx_word' id='word_1_138' title='bbox 1922 1225 2060 1277; x_wconf 85' lang='lat' dir='ltr'><strong>Kal.</strong></span> 
     </span>
    </p>

    <p class='ocr_par' dir='ltr' id='par_1_10' title="bbox 456 1289 961 1343">
     <span class='ocr_line' id='line_1_18' title="bbox 456 1289 961 1343; baseline 0.006 -3"><span class='ocrx_word' id='word_1_139' title='bbox 456 1289 598 1341; x_wconf 85' lang='lat' dir='ltr'><strong>Nov.</strong></span> <span class='ocrx_word' id='word_1_140' title='bbox 621 1304 961 1343; x_wconf 72' lang='lat' dir='ltr'><strong>nnnxxvm.</strong></span> 
     </span>
    </p>
   </div>
   <div class='ocr_carea' id='block_1_3' title="bbox 457 1553 2049 1775">
    <p class='ocr_par' dir='ltr' id='par_1_11' title="bbox 457 1553 2049 1775">
     <span class='ocr_line' id='line_1_19' title="bbox 677 1553 1807 1609; baseline 0.002 -4"><span class='ocrx_word' id='word_1_141' title='bbox 677 1553 894 1607; x_wconf 84' lang='lat' dir='ltr'>LXVI.</span> <span class='ocrx_word' id='word_1_142' title='bbox 945 1554 1325 1607; x_wconf 71' lang='lat' dir='ltr'><strong>ANDREAE:</strong></span> <span class='ocrx_word' id='word_1_143' title='bbox 1367 1555 1807 1609; x_wconf 78' lang='lat' dir='ltr'>BATHOREO</span> 
     </span>
     <span class='ocr_line' id='line_1_20' title="bbox 457 1652 2049 1692; baseline -0.001 -1"><span class='ocrx_word' id='word_1_144' title='bbox 457 1652 646 1691; x_wconf 55' lang='lat' dir='ltr'><strong>ame,</strong></span> <span class='ocrx_word' id='word_1_145' title='bbox 672 1652 1042 1691; x_wconf 54' lang='lat' dir='ltr'><strong>canonum</strong></span> <span class='ocrx_word' id='word_1_146' title='bbox 1069 1655 1147 1692; x_wconf 65' lang='lat' dir='ltr'><strong>Ac</strong></span> <span class='ocrx_word' id='word_1_147' title='bbox 1179 1654 1486 1691; x_wconf 64' lang='lat' dir='ltr'><strong>nuncin</strong></span> <span class='ocrx_word' id='word_1_148' title='bbox 1518 1652 2049 1691; x_wconf 66' lang='lat' dir='ltr'><strong>tnnusratssuto</strong></span> 
     </span>
     <span class='ocr_line' id='line_1_21' title="bbox 765 1736 1733 1775; baseline 0 -2"><span class='ocrx_word' id='word_1_149' title='bbox 765 1736 822 1773; x_wconf 72' lang='lat' dir='ltr'><strong>u.</strong></span> <span class='ocrx_word' id='word_1_150' title='bbox 862 1736 1201 1775; x_wconf 66' lang='lat' dir='ltr'><strong>ntromus</strong></span> <span class='ocrx_word' id='word_1_151' title='bbox 1240 1736 1549 1775; x_wconf 70' lang='lat' dir='ltr'><strong>unns-rus</strong></span> <span class='ocrx_word' id='word_1_152' title='bbox 1588 1737 1637 1773; x_wconf 81' lang='lat' dir='ltr'><strong>S.</strong></span> <span class='ocrx_word' id='word_1_153' title='bbox 1674 1738 1733 1774; x_wconf 86' lang='lat' dir='ltr'><strong>n.</strong></span> 
     </span>
    </p>
   </div>
   <div class='ocr_carea' id='block_1_4' title="bbox 451 1789 2046 2680">
    <p class='ocr_par' dir='ltr' id='par_1_12' title="bbox 451 1789 2046 2680">
     <span class='ocr_line' id='line_1_22' title="bbox 518 1789 2046 1889; baseline 0.001 -19"><span class='ocrx_word' id='word_1_154' title='bbox 518 1789 656 1872; x_wconf 85' lang='lat' dir='ltr'><strong>Die</strong></span> <span class='ocrx_word' id='word_1_155' title='bbox 677 1823 801 1887; x_wconf 89' lang='lat' dir='ltr'><strong>ipso</strong></span> <span class='ocrx_word' id='word_1_156' title='bbox 824 1822 1024 1873; x_wconf 85' lang='lat' dir='ltr'><strong>natalis</strong></span> <span class='ocrx_word' id='word_1_157' title='bbox 1053 1823 1335 1874; x_wconf 85' lang='lat' dir='ltr'><strong>Dominioi</strong></span> <span class='ocrx_word' id='word_1_158' title='bbox 1375 1822 1565 1887; x_wconf 88' lang='lat' dir='ltr'><strong>accepi</strong></span> <span class='ocrx_word' id='word_1_159' title='bbox 1602 1821 2046 1889; x_wconf 75' lang='lat' dir='ltr'><strong>exoptatissimas</strong></span> 
     </span>
     <span class='ocr_line' id='line_1_23' title="bbox 452 1885 2043 1955; baseline 0 -18"><span class='ocrx_word' id='word_1_160' title='bbox 452 1885 593 1937; x_wconf 81' lang='lat' dir='ltr'><strong>mihi</strong></span> <span class='ocrx_word' id='word_1_161' title='bbox 618 1887 835 1937; x_wconf 83' lang='lat' dir='ltr'><strong>litteras</strong></span> <span class='ocrx_word' id='word_1_162' title='bbox 877 1893 1022 1949; x_wconf 86' lang='lat' dir='ltr'><strong>tuas,</strong></span> <span class='ocrx_word' id='word_1_163' title='bbox 1062 1888 1261 1954; x_wconf 85' lang='lat' dir='ltr'><strong>quibus</strong></span> <span class='ocrx_word' id='word_1_164' title='bbox 1303 1888 1447 1939; x_wconf 87' lang='lat' dir='ltr'><strong>haud</strong></span> <span class='ocrx_word' id='word_1_165' title='bbox 1486 1891 1605 1939; x_wconf 86' lang='lat' dir='ltr'><strong>scio</strong></span> <span class='ocrx_word' id='word_1_166' title='bbox 1650 1904 1718 1939; x_wconf 89' lang='lat' dir='ltr'><strong>an</strong></span> <span class='ocrx_word' id='word_1_167' title='bbox 1756 1888 2043 1955; x_wconf 85' lang='lat' dir='ltr'><strong>quiequam</strong></span> 
     </span>
     <span class='ocr_line' id='line_1_24' title="bbox 451 1950 2041 2020; baseline 0.001 -17"><span class='ocrx_word' id='word_1_168' title='bbox 451 1950 588 2003; x_wconf 81' lang='lat' dir='ltr'><strong>mihi</strong></span> <span class='ocrx_word' id='word_1_169' title='bbox 644 1955 857 2017; x_wconf 84' lang='lat' dir='ltr'><strong>gratius</strong></span> <span class='ocrx_word' id='word_1_170' title='bbox 895 1968 962 2002; x_wconf 85' lang='lat' dir='ltr'><strong>ae</strong></span> <span class='ocrx_word' id='word_1_171' title='bbox 998 1954 1293 2003; x_wconf 80' lang='lat' dir='ltr'><strong>iucundius</strong></span> <span class='ocrx_word' id='word_1_172' title='bbox 1334 1953 1523 2004; x_wconf 79' lang='lat' dir='ltr'><strong>afferri</strong></span> <span class='ocrx_word' id='word_1_173' title='bbox 1576 1958 1839 2020; x_wconf 81' lang='lat' dir='ltr'><strong>potuerit.</strong></span> <span class='ocrx_word' id='word_1_174' title='bbox 1909 1952 2041 2005; x_wconf 87' lang='lat' dir='ltr'><strong>Nam</strong></span> 
     </span>
     <span class='ocr_line' id='line_1_25' title="bbox 455 2016 2038 2088; baseline 0.001 -19"><span class='ocrx_word' id='word_1_175' title='bbox 455 2033 576 2069; x_wconf 85' lang='lat' dir='ltr'><strong>cum</strong></span> <span class='ocrx_word' id='word_1_176' title='bbox 597 2019 706 2067; x_wconf 89' lang='lat' dir='ltr'><strong>iam</strong></span> <span class='ocrx_word' id='word_1_177' title='bbox 724 2018 936 2082; x_wconf 83' lang='lat' dir='ltr'><strong>pridem</strong></span> <span class='ocrx_word' id='word_1_178' title='bbox 957 2019 1257 2081; x_wconf 80' lang='lat' dir='ltr'><strong>audissem,</strong></span> <span class='ocrx_word' id='word_1_179' title='bbox 1295 2020 1376 2070; x_wconf 89' lang='lat' dir='ltr'><strong>ita</strong></span> <span class='ocrx_word' id='word_1_180' title='bbox 1407 2026 1465 2071; x_wconf 85' lang='lat' dir='ltr'><strong>te</strong></span> <span class='ocrx_word' id='word_1_181' title='bbox 1486 2016 1585 2088; x_wconf 78' lang='lat' dir='ltr'><strong>&#39;pro</strong></span> <span class='ocrx_word' id='word_1_182' title='bbox 1605 2029 1703 2071; x_wconf 86' lang='lat' dir='ltr'><strong>tua</strong></span> <span class='ocrx_word' id='word_1_183' title='bbox 1723 2036 1931 2071; x_wconf 84' lang='lat' dir='ltr'><strong>summa</strong></span> <span class='ocrx_word' id='word_1_184' title='bbox 1949 2018 2038 2070; x_wconf 87' lang='lat' dir='ltr'><strong>hu-</strong></span> 
     </span>
     <span class='ocr_line' id='line_1_26' title="bbox 453 2084 2037 2151; baseline 0 -16"><span class='ocrx_word' id='word_1_185' title='bbox 453 2084 718 2135; x_wconf 85' lang='lat' dir='ltr'><strong>manitate</strong></span> <span class='ocrx_word' id='word_1_186' title='bbox 739 2098 804 2133; x_wconf 85' lang='lat' dir='ltr'><strong>ao</strong></span> <span class='ocrx_word' id='word_1_187' title='bbox 822 2084 1084 2135; x_wconf 84' lang='lat' dir='ltr'><strong>comitate</strong></span> <span class='ocrx_word' id='word_1_188' title='bbox 1104 2086 1210 2136; x_wconf 90' lang='lat' dir='ltr'><strong>mei</strong></span> <span class='ocrx_word' id='word_1_189' title='bbox 1228 2100 1526 2138; x_wconf 85' lang='lat' dir='ltr'><strong>memorem</strong></span> <span class='ocrx_word' id='word_1_190' title='bbox 1546 2087 1741 2147; x_wconf 83' lang='lat' dir='ltr'><strong>fuisse,</strong></span> <span class='ocrx_word' id='word_1_191' title='bbox 1755 2094 1816 2136; x_wconf 90' lang='lat' dir='ltr'><strong>ut</strong></span> <span class='ocrx_word' id='word_1_192' title='bbox 1834 2102 1903 2137; x_wconf 83' lang='lat' dir='ltr'><strong>ex</strong></span> <span class='ocrx_word' id='word_1_193' title='bbox 1922 2086 2037 2151; x_wconf 84' lang='lat' dir='ltr'><strong>ipso</strong></span> 
     </span>
     <span class='ocr_line' id='line_1_27' title="bbox 451 2150 2034 2219; baseline -0.002 -15"><span class='ocrx_word' id='word_1_194' title='bbox 451 2152 654 2204; x_wconf 85' lang='lat' dir='ltr'><strong>itinere</strong></span> <span class='ocrx_word' id='word_1_195' title='bbox 694 2150 763 2201; x_wconf 89' lang='lat' dir='ltr'><strong>ad</strong></span> <span class='ocrx_word' id='word_1_196' title='bbox 805 2165 890 2201; x_wconf 87' lang='lat' dir='ltr'><strong>me</strong></span> <span class='ocrx_word' id='word_1_197' title='bbox 907 2152 1157 2203; x_wconf 82' lang='lat' dir='ltr'><strong>scribe-re</strong></span> <span class='ocrx_word' id='word_1_198' title='bbox 1179 2152 1438 2219; x_wconf 85' lang='lat' dir='ltr'><strong>dignatus</strong></span> <span class='ocrx_word' id='word_1_199' title='bbox 1462 2170 1643 2217; x_wconf 85' lang='lat' dir='ltr'><strong>esses,</strong></span> <span class='ocrx_word' id='word_1_200' title='bbox 1700 2154 1919 2203; x_wconf 84' lang='lat' dir='ltr'><strong>litterae</strong></span> <span class='ocrx_word' id='word_1_201' title='bbox 1950 2166 2034 2201; x_wconf 89' lang='lat' dir='ltr'><strong>au-</strong></span> 
     </span>
     <span class='ocr_line' id='line_1_28' title="bbox 452 2218 2033 2287; baseline -0.001 -18"><span class='ocrx_word' id='word_1_202' title='bbox 452 2225 564 2269; x_wconf 87' lang='lat' dir='ltr'><strong>tem</strong></span> <span class='ocrx_word' id='word_1_203' title='bbox 602 2224 732 2268; x_wconf 87' lang='lat' dir='ltr'><strong>tuae</strong></span> <span class='ocrx_word' id='word_1_204' title='bbox 769 2232 1037 2285; x_wconf 84' lang='lat' dir='ltr'><strong>nusquam</strong></span> <span class='ocrx_word' id='word_1_205' title='bbox 1076 2224 1487 2287; x_wconf 80' lang='lat' dir='ltr'><strong>comparerent:</strong></span> <span class='ocrx_word' id='word_1_206' title='bbox 1532 2219 1869 2269; x_wconf 75' lang='lat' dir='ltr'><strong>conficiebat</strong></span> <span class='ocrx_word' id='word_1_207' title='bbox 1903 2218 2033 2267; x_wconf 89' lang='lat' dir='ltr'><strong>miro</strong></span> 
     </span>
     <span class='ocr_line' id='line_1_29' title="bbox 455 2282 2033 2351; baseline -0.001 -18"><span class='ocrx_word' id='word_1_208' title='bbox 455 2282 694 2349; x_wconf 90' lang='lat' dir='ltr'><strong>quodam</strong></span> <span class='ocrx_word' id='word_1_209' title='bbox 714 2298 924 2351; x_wconf 78' lang='lat' dir='ltr'><strong>angore</strong></span> <span class='ocrx_word' id='word_1_210' title='bbox 947 2286 1132 2347; x_wconf 86' lang='lat' dir='ltr'><strong>animi,</strong></span> <span class='ocrx_word' id='word_1_211' title='bbox 1173 2300 1351 2351; x_wconf 89' lang='lat' dir='ltr'><strong>neque</strong></span> <span class='ocrx_word' id='word_1_212' title='bbox 1391 2286 1726 2336; x_wconf 81' lang='lat' dir='ltr'><strong>levationem</strong></span> <span class='ocrx_word' id='word_1_213' title='bbox 1767 2284 1933 2333; x_wconf 86' lang='lat' dir='ltr'><strong>ullam</strong></span> <span class='ocrx_word' id='word_1_214' title='bbox 1956 2297 2033 2333; x_wconf 89' lang='lat' dir='ltr'><strong>re·</strong></span> 
     </span>
     <span class='ocr_line' id='line_1_30' title="bbox 453 2349 2031 2418; baseline 0 -19"><span class='ocrx_word' id='word_1_215' title='bbox 453 2352 636 2415; x_wconf 88' lang='lat' dir='ltr'><strong>perire</strong></span> <span class='ocrx_word' id='word_1_216' title='bbox 655 2357 908 2415; x_wconf 87' lang='lat' dir='ltr'><strong>poteram</strong></span> <span class='ocrx_word' id='word_1_217' title='bbox 945 2359 1169 2418; x_wconf 85' lang='lat' dir='ltr'><strong>praeter</strong></span> <span class='ocrx_word' id='word_1_218' title='bbox 1189 2364 1310 2400; x_wconf 90' lang='lat' dir='ltr'><strong>eam</strong></span> <span class='ocrx_word' id='word_1_219' title='bbox 1330 2368 1493 2402; x_wconf 85' lang='lat' dir='ltr'><strong>unam</strong></span> <span class='ocrx_word' id='word_1_220' title='bbox 1507 2388 1521 2413; x_wconf 90' lang='lat'>‚</span> <span class='ocrx_word' id='word_1_221' title='bbox 1564 2366 1724 2417; x_wconf 83' lang='lat' dir='ltr'><strong>quam</strong></span> <span class='ocrx_word' id='word_1_222' title='bbox 1746 2349 1880 2401; x_wconf 84' lang='lat' dir='ltr'><strong>mihi</strong></span> <span class='ocrx_word' id='word_1_223' title='bbox 1898 2350 2031 2399; x_wconf 86' lang='lat' dir='ltr'><strong>litte-</strong></span> 
     </span>
     <span class='ocr_line' id='line_1_31' title="bbox 455 2416 2031 2495; baseline 0 -31"><span class='ocrx_word' id='word_1_224' title='bbox 455 2430 549 2465; x_wconf 88' lang='lat' dir='ltr'><strong>rae</strong></span> <span class='ocrx_word' id='word_1_225' title='bbox 573 2424 701 2466; x_wconf 86' lang='lat' dir='ltr'><strong>tuae</strong></span> <span class='ocrx_word' id='word_1_226' title='bbox 723 2419 1045 2468; x_wconf 85' lang='lat' dir='ltr'><strong>attulerunt.</strong></span> <span class='ocrx_word' id='word_1_227' title='bbox 1115 2417 1237 2482; x_wconf 86' lang='lat' dir='ltr'><strong>Ego</strong></span> <span class='ocrx_word' id='word_1_228' title='bbox 1258 2424 1341 2478; x_wconf 86' lang='lat' dir='ltr'><strong>te,</strong></span> <span class='ocrx_word' id='word_1_229' title='bbox 1384 2417 1693 2467; x_wconf 85' lang='lat' dir='ltr'><strong>Cardinalis</strong></span> <span class='ocrx_word' id='word_1_230' title='bbox 1736 2416 1936 2495; x_wconf 84' lang='lat' dir='ltr'><strong>optime</strong></span> <span class='ocrx_word' id='word_1_231' title='bbox 1970 2429 2031 2465; x_wconf 83' lang='lat' dir='ltr'><strong>ac</strong></span> 
     </span>
     <span class='ocr_line' id='line_1_32' title="bbox 453 2480 2030 2547; baseline 0.001 -18"><span class='ocrx_word' id='word_1_232' title='bbox 453 2482 944 2547; x_wconf 76' lang='lat' dir='ltr'><strong>praestantissime,</strong></span> <span class='ocrx_word' id='word_1_233' title='bbox 983 2496 1202 2547; x_wconf 82' lang='lat' dir='ltr'><strong>semper</strong></span> <span class='ocrx_word' id='word_1_234' title='bbox 1236 2482 1526 2533; x_wconf 77' lang='lat' dir='ltr'><strong>observavi</strong></span> <span class='ocrx_word' id='word_1_235' title='bbox 1556 2497 1623 2532; x_wconf 86' lang='lat' dir='ltr'><strong>ac</strong></span> <span class='ocrx_word' id='word_1_236' title='bbox 1644 2480 1811 2541; x_wconf 78' lang='lat' dir='ltr'><strong>colui,</strong></span> <span class='ocrx_word' id='word_1_237' title='bbox 1852 2486 2030 2546; x_wconf 83' lang='lat' dir='ltr'><strong>eaptus</strong></span> 
     </span>
     <span class='ocr_line' id='line_1_33' title="bbox 455 2544 2027 2614; baseline 0.003 -21"><span class='ocrx_word' id='word_1_238' title='bbox 455 2560 563 2594; x_wconf 92' lang='lat' dir='ltr'><strong>non</strong></span> <span class='ocrx_word' id='word_1_239' title='bbox 587 2551 698 2595; x_wconf 90' lang='lat' dir='ltr'><strong>tam</strong></span> <span class='ocrx_word' id='word_1_240' title='bbox 727 2549 1018 2599; x_wconf 84' lang='lat' dir='ltr'><strong>nobilitate</strong></span> <span class='ocrx_word' id='word_1_241' title='bbox 1039 2551 1161 2613; x_wconf 84' lang='lat' dir='ltr'><strong>ipsa</strong></span> <span class='ocrx_word' id='word_1_242' title='bbox 1178 2548 1321 2613; x_wconf 81' lang='lat' dir='ltr'><strong>regii</strong></span> <span class='ocrx_word' id='word_1_243' title='bbox 1343 2546 1563 2614; x_wconf 66' lang='lat' dir='ltr'><strong>generis</strong></span> <span class='ocrx_word' id='word_1_244' title='bbox 1598 2549 1710 2608; x_wconf 87' lang='lat' dir='ltr'><strong>tui,</strong></span> <span class='ocrx_word' id='word_1_245' title='bbox 1750 2562 1911 2611; x_wconf 88' lang='lat' dir='ltr'><strong>quam</strong></span> <span class='ocrx_word' id='word_1_246' title='bbox 1945 2544 2027 2597; x_wconf 87' lang='lat' dir='ltr'><strong>ad-</strong></span> 
     </span>
     <span class='ocr_line' id='line_1_34' title="bbox 451 2611 2026 2680; baseline 0.002 -20"><span class='ocrx_word' id='word_1_247' title='bbox 451 2611 747 2662; x_wconf 79' lang='lat' dir='ltr'><strong>miratione</strong></span> <span class='ocrx_word' id='word_1_248' title='bbox 767 2618 983 2665; x_wconf 83' lang='lat' dir='ltr'><strong>tuarum</strong></span> <span class='ocrx_word' id='word_1_249' title='bbox 1003 2613 1365 2680; x_wconf 82' lang='lat' dir='ltr'><strong>singularium</strong></span> <span class='ocrx_word' id='word_1_250' title='bbox 1389 2616 1446 2664; x_wconf 92' lang='lat' dir='ltr'><strong>in</strong></span> <span class='ocrx_word' id='word_1_251' title='bbox 1466 2617 1614 2665; x_wconf 87' lang='lat' dir='ltr'><strong>omni</strong></span> <span class='ocrx_word' id='word_1_252' title='bbox 1639 2626 1845 2679; x_wconf 87' lang='lat' dir='ltr'><strong>genere</strong></span> <span class='ocrx_word' id='word_1_253' title='bbox 1875 2612 2026 2663; x_wconf 75' lang='lat' dir='ltr'><strong>virtu·</strong></span> 
     </span>
    </p>
   </div>
   <div class='ocr_carea' id='block_1_5' title="bbox 2226 0 2237 1589">
    <p class='ocr_par' dir='ltr' id='par_1_13' title="bbox 2226 0 2237 1589">
     <span class='ocr_line' id='line_1_35' title="bbox 2226 0 2237 1589; baseline 0 0"><span class='ocrx_word' id='word_1_254' title='bbox 2226 0 2237 1589; x_wconf 95' lang='lat' dir='ltr'><strong> </strong></span> 
     </span>
    </p>
   </div>
   <div class='ocr_carea' id='block_1_6' title="bbox 2227 1794 2236 2957">
    <p class='ocr_par' dir='ltr' id='par_1_14' title="bbox 2227 1794 2236 2957">
     <span class='ocr_line' id='line_1_36' title="bbox 2227 1794 2236 2957; baseline 0 0"><span class='ocrx_word' id='word_1_255' title='bbox 2227 1794 2236 2957; x_wconf 95' lang='lat' dir='ltr'><strong> </strong></span> 
     </span>
    </p>
   </div>
  </div>
 </body>
</html>
