2275 3025
410 133 511 184 212
946 129 1026 181 M.
1062 130 1122 181 A.
1160 128 1481 184 MURETI

415 230 563 293 Quid
584 229 837 298 quaeris!
856 229 1178 292 miManuti,
1187 231 1372 282 beasti
1391 245 1499 281 me:
1522 243 1700 296 neque
1721 231 2025 297 quicquam

410 297 547 350 mihi
576 297 868 348 iucundius
896 296 1086 347 facere
1121 305 1369 362 poteras,
1440 295 1595 348 Nihil
1622 297 1720 346 illo
1742 311 1920 364 puero
1940 297 2027 348 fe·

412 365 638 426 stivius,
676 362 816 414 nihil
837 364 1218 430 ingeniosius,
1249 363 1396 414 nihil
1417 363 1705 414 nutabili-us
1720 400 1735 426 ,
1769 361 1916 415 -nihil
1936 378 2025 414 ar·-

410 433 635 484 dentius
668 431 727 481 in
758 430 945 481 studio
976 431 1200 481 virtutis
1227 445 1294 480 ac
1323 429 1650 481 litterarum.
1725 429 1947 492 Quanta
1965 430 2028 484 in

412 511 671 550 sermone
710 498 983 558 suavitas,
1024 503 1234 563 quanta
1272 497 1490 548 indoles
1524 497 1582 546 in
1613 497 1737 560 ipso
1763 495 1928 546 'vultu
1956 509 2027 545 ae

409 572 569 617 motu
592 565 871 630 corporis3
892 568 953 613 ut
974 564 1031 613 in
1051 578 1268 614 summa
1285 564 1500 630 ingenii
1522 563 1814 614 celeritate
1833 575 2028 629 parem

410 631 747 684 modestiam
766 629 936 680 facile
956 643 1253 744 aquescens.
1323 629 1516 696 ltaque
1535 627 1686 680 feres
1709 628 1818 679 hoc
1839 641 2023 695 aequo

412 699 802 761 animozspero
822 711 949 745 eum
972 710 1005 744 a
1028 696 1270 761 iquando
1291 702 1351 746 et
1370 705 1528 762 patr-e
1549 701 1607 746 et
1629 711 1733 746 avo
1754 695 2026 745 maiorem

412 779 482 816 ac
503 763 870 815 celebriorem
888 759 1156 812 futurum.
1221 761 1308 814 Ne
1325 764 1525 825 vivam,
1547 763 1596 813 si
1617 777 1727 812 non
1751 777 1821 813 ex
1839 762 2023 812 animo

412 831 636 897 loquor.
704 828 832 880 Hoc
870 833 1085 878 tantum
1123 829 1182 878 in
1219 845 1430 880 summa
1469 829 1716 890 laetitia,
1755 842 1920 895 quam
1955 841 2028 877 ex

416 897 538 946 eius
561 896 801 946 adventu
822 897 966 960 cepi,
977 894 1077 946 ads
1118 898 1256 948 ersit
1275 895 1411 948 mihi
1438 893 1690 946 nonnihil
1711 894 2026 955 molestiae,

416 963 569 1030 quod
587 977 763 1013 senex
779 961 901 1029 ipse
922 977 1046 1012 cum
1092 962 1212 1012 ebri
1234 965 1400 1014 venit.
1462 960 1656 1028 ltaque
1677 962 1818 1011 duos
1840 959 2027 1026 hospi-

414 1037 506 1080 tes
526 1029 896 1090 libentissime
916 1029 1060 1081 vidia
1081 1031 1305 1081 tertiam
1324 1029 1496 1089 illam,
1521 1042 1662 1097 quae
1683 1042 1744 1078 se
1766 1027 2028 1077 comitem

418 1096 766 1157 adiunxerat,
786 1095 1027 1148 libenter
1050 1096 1430 1147 exclusionem.
1477 1093 1773 1145 Curabitur
1792 1099 1918 1144 uter
1956 1107 2028 1143 ue

414 1177 613 1214 eorum
633 1177 701 1214 ea
721 1162 1039 1229 diligentia,
1066 1170 1129 1214 ut
1147 1163 1493 1228 intelligant,
1525 1158 1668 1210 hanc
1689 1173 1909 1227 quoque
1971 1173 2028 1209 o-

418 1243 570 1282 mum
589 1236 741 1280 tuam
760 1243 907 1280 esse.
947 1228 1090 1282 Vale
1112 1235 1172 1280 et
1191 1229 1344 1280 salve
1365 1244 1400 1279 a
1416 1226 1652 1278 Melino.
1719 1226 2028 1290 Patavium

869 1471 973 1527 IV.
1010 1487 1235 1527 mnan
1271 1489 1596 1531 nanu-rio.

492 1544 709 1628 Ardeo
730 1575 1047 1639 iracundia,
1085 1591 1155 1628 eo
1177 1577 1384 1644 magis,
1415 1578 1565 1646 quod
1587 1591 1805 1640 vereor,
1827 1592 1897 1629 ne
1917 1577 2032 1629 cul·

416 1660 548 1713 ‘pam
572 1659 698 1695 esse
719 1646 777 1695 in
804 1658 891 1698 me
923 1644 1165 1711 aliquam
1184 1652 1348 1712 putes
1369 1681 1384 1708 ,
1423 1660 1565 1713 quae
1585 1646 1740 1695 nulla
1759 1650 1863 1696 est.
1933 1644 2033 1696 Dii

420 1728 511 1764 me
534 1720 699 1779 atque
726 1710 978 1762 homines
1000 1711 1255 1773 oderint,
1295 1713 1341 1762 si
1375 1727 1616 1779 unquam
1651 1712 1707 1761 in
1728 1714 1842 1762 vita
1860 1712 2032 1763 ullam

416 1780 557 1831 mihi
593 1780 863 1829 maiorem
902 1777 1127 1831 hausise
1167 1779 1364 1830 videor
1384 1780 1766 1831 acerbitatem.
1835 1776 2030 1845 Neque

419 1859 567 1896 nunc
588 1846 721 1911 quid
743 1859 931 1911 agam,
963 1852 1061 1895 aut
1080 1847 1212 1912 quid
1235 1846 1504 1913 cogitem,
1536 1852 1632 1896 aut
1654 1844 1786 1924 quid
1807 1844 2034 1895 consilii

423 1914 657 1976 capiam,
680 1912 817 1961 scio.
890 1912 1133 1970 Quartus
1155 1911 1246 1962 hic
1269 1919 1356 1962 est
1373 1912 1514 1973 dies,
1529 1926 1651 1963 cum
1671 1912 1771 1961 illa
1791 1911 1922 1977 quin
1962 1924 2033 1963 ue

328 2008 341 2015 -
420 1977 581 2036 folia,
604 1989 837 2041 quorum
856 1991 943 2025 me
965 1978 1089 2041 ipsa
1105 1977 1426 2028 recordatio
1452 1978 1777 2040 discruciat,
1799 1977 1894 2028 tab
1975 1992 2031 2027 a·

420 2044 524 2094 riis
561 2041 690 2091 data
722 2047 865 2091 sunt.
941 2041 1052 2091 Sed
1072 2045 1265 2092 nescio
1293 2058 1401 2108 quo
1424 2043 1542 2094 fato
1559 2080 1574 2106 ,
1614 2044 1891 2095 insciente
1921 2057 2031 2105 me,

424 2125 549 2161 cum
584 2112 806 2158 ceterae
839 2108 1064 2158 litterae
1094 2123 1254 2159 meae
1288 2116 1444 2159 recta
1475 2112 1697 2161 domum
1718 2111 1787 2161 ad
1807 2116 1864 2161 te
1884 2110 2035 2163 mitti

423 2177 676 2228 solerent
691 2210 707 2237 ‚
743 2172 848 2224 hae
882 2174 1086 2226 missae
1109 2175 1177 2225 ad
1199 2176 1486 2227 tabernam
1507 2177 1790 2227 librariam
1811 2176 1917 2227 Val
1991 2176 2032 2217 '-

422 2244 651 2295 siorum.
724 2241 830 2302 Qui
852 2242 977 2292 site
998 2247 1056 2292 et
1092 2257 1182 2293 me
1214 2241 1581 2308 prodiderunt
1610 2258 1785 2361 eatllue
1819 2258 1920 2311 per
1962 2243 2030 2293 de

422 2324 489 2361 ac
508 2309 789 2361 malitiose
810 2310 1262 2370 interverterunt,
1283 2310 1576 2360 maximam
1597 2326 1684 2361 ma
1710 2326 1796 2361 am
1817 2316 2032 2377 pestem

424 2392 619 2427 eorum
660 2376 829 2457 capiti
868 2389 1098 2441 precor3
1141 2382 1202 2427 ut
1229 2382 1425 2439 contra
1449 2376 1629 2428 Deum
1651 2381 1830 2443 ipsum
1851 2390 1951 2428 oro
1975 2381 2033 2426 et

422 2458 654 2509 quaeso,
698 2458 747 2492 si
770 2443 903 2508 quid
922 2443 981 2493 in
1007 2441 1112 2493 hac
1132 2457 1194 2493 re
1217 2458 1251 2493 a
1267 2457 1355 2493 me
1391 2449 1487 2494 aut
1507 2444 1785 2494 malitiose
1821 2450 1919 2494 aut
1935 2456 2029 2493 ne·

478 2524 520 2576 ⁸)
552 2523 784 2577 scriptam
814 2536 917 2566 ene
946 2524 1144 2567 dixerim
1165 2523 1280 2565 hane
1298 2524 1540 2579 epistolam
1560 2536 1633 2568 ιι.
1657 2523 1754 2567 Cal.
1777 2526 1904 2575 Maii,
1927 2524 1967 2566 ln.
1989 2536 2030 2567 e.

422 2578 591 2633 priene,
613 2591 741 2632 qnam
760 2580 983 2621 scriberet
1003 2591 1116 2629 eam.
1138 2579 1217 2632 qui
1235 2577 1345 2622 libri
1363 2580 1403 2622 1.
1423 2584 1494 2623 ert
1509 2584 1549 2621 6.
1579 2578 1637 2624 Si
1651 2580 1825 2635 Pagone·
1856 2584 1962 2630 ete„
1983 2586 2034 2621 ut

425 2634 539 2676 adeo
560 2632 645 2676 luae
666 2632 781 2676 «luae
798 2635 1141 2689 coniungendae
1159 2634 1418 2680 vident-u.
1482 2634 1702 2680 nomae.
1751 2640 1760 2653 ⁸
