<?xml version="1.0" encoding="UTF-8"?>
<!DOCTYPE html PUBLIC "-//W3C//DTD XHTML 1.0 Transitional//EN"
    "http://www.w3.org/TR/xhtml1/DTD/xhtml1-transitional.dtd">
<html xmlns="http://www.w3.org/1999/xhtml" xml:lang="en" lang="en">
 <head>
  <title>
</title>
<meta http-equiv="Content-Type" content="text/html;charset=utf-8" />
  <meta name='ocr-system' content='tesseract 3.04.00' />
  <meta name='ocr-capabilities' content='ocr_page ocr_carea ocr_par ocr_line ocrx_word'/>
</head>
<body>
  <div class='ocr_page' id='page_1' title='image "./epistolae00unkngoog_0364.png"; bbox 0 0 2275 3025; ppageno 0'>
   <div class='ocr_carea' id='block_1_1' title="bbox 432 154 1504 210">
    <p class='ocr_par' dir='ltr' id='par_1_1' title="bbox 432 154 1504 210">
     <span class='ocr_line' id='line_1_1' title="bbox 432 154 1504 210; baseline -0.004 -1"><span class='ocrx_word' id='word_1_1' title='bbox 432 157 532 210; x_wconf 77' lang='lat'><strong>3⁵6</strong></span> <span class='ocrx_word' id='word_1_2' title='bbox 967 155 1044 206; x_wconf 89' lang='grc' dir='ltr'><strong>Μ.</strong></span> <span class='ocrx_word' id='word_1_3' title='bbox 1083 156 1147 207; x_wconf 85' lang='grc' dir='ltr'><strong>Α.</strong></span> <span class='ocrx_word' id='word_1_4' title='bbox 1183 154 1504 206; x_wconf 75' lang='lat' dir='ltr'><strong>MURETI</strong></span> 
     </span>
    </p>
   </div>
   <div class='ocr_carea' id='block_1_2' title="bbox 426 255 2041 2704">
    <p class='ocr_par' dir='ltr' id='par_1_2' title="bbox 426 255 2041 2704">
     <span class='ocr_line' id='line_1_2' title="bbox 433 255 2039 318; baseline 0 -9"><span class='ocrx_word' id='word_1_5' title='bbox 433 275 578 310; x_wconf 90' lang='lat' dir='ltr'><strong>mum</strong></span> <span class='ocrx_word' id='word_1_6' title='bbox 596 257 871 308; x_wconf 82' lang='lat' dir='ltr'><strong>beneficio</strong></span> <span class='ocrx_word' id='word_1_7' title='bbox 892 261 988 306; x_wconf 88' lang='lat' dir='ltr'><strong>tuo</strong></span> <span class='ocrx_word' id='word_1_8' title='bbox 1012 257 1138 306; x_wconf 89' lang='lat' dir='ltr'><strong>aliis</strong></span> <span class='ocrx_word' id='word_1_9' title='bbox 1172 255 1426 306; x_wconf 85' lang='lat' dir='ltr'><strong>omnibus</strong></span> <span class='ocrx_word' id='word_1_10' title='bbox 1456 257 1603 306; x_wconf 87' lang='lat' dir='ltr'><strong>curis</strong></span> <span class='ocrx_word' id='word_1_11' title='bbox 1634 256 1883 318; x_wconf 82' lang='lat' dir='ltr'><strong>solutus,</strong></span> <span class='ocrx_word' id='word_1_12' title='bbox 1919 271 2039 310; x_wconf 69' lang='lat' dir='ltr'><strong>ma·</strong></span> 
     </span>
     <span class='ocr_line' id='line_1_3' title="bbox 433 323 2037 393; baseline -0.002 -17"><span class='ocrx_word' id='word_1_13' title='bbox 433 341 544 393; x_wconf 76' lang='lat' dir='ltr'><strong>gno</strong></span> <span class='ocrx_word' id='word_1_14' title='bbox 566 330 623 374; x_wconf 93' lang='lat' dir='ltr'><strong>et</strong></span> <span class='ocrx_word' id='word_1_15' title='bbox 641 323 813 374; x_wconf 82' lang='lat' dir='ltr'><strong>alacri</strong></span> <span class='ocrx_word' id='word_1_16' title='bbox 838 323 1019 372; x_wconf 84' lang='lat' dir='ltr'><strong>animo</strong></span> <span class='ocrx_word' id='word_1_17' title='bbox 1042 337 1370 388; x_wconf 83' lang='lat' dir='ltr'><strong>persequor:</strong></span> <span class='ocrx_word' id='word_1_18' title='bbox 1413 337 1591 388; x_wconf 88' lang='lat' dir='ltr'><strong>neque</strong></span> <span class='ocrx_word' id='word_1_19' title='bbox 1627 338 1762 373; x_wconf 82' lang='lat' dir='ltr'><strong>sane</strong></span> <span class='ocrx_word' id='word_1_20' title='bbox 1784 324 2037 374; x_wconf 88' lang='lat' dir='ltr'><strong>commit-</strong></span> 
     </span>
     <span class='ocr_line' id='line_1_4' title="bbox 432 388 2040 457; baseline -0.001 -16"><span class='ocrx_word' id='word_1_21' title='bbox 432 400 490 442; x_wconf 92' lang='lat' dir='ltr'><strong>to</strong></span> <span class='ocrx_word' id='word_1_22' title='bbox 508 427 524 453; x_wconf 91' lang='lat'><strong>,</strong></span> <span class='ocrx_word' id='word_1_23' title='bbox 566 398 626 440; x_wconf 91' lang='lat' dir='ltr'><strong>ut</strong></span> <span class='ocrx_word' id='word_1_24' title='bbox 654 391 745 457; x_wconf 89' lang='lat' dir='ltr'><strong>qui</strong></span> <span class='ocrx_word' id='word_1_25' title='bbox 774 404 859 439; x_wconf 91' lang='lat' dir='ltr'><strong>me</strong></span> <span class='ocrx_word' id='word_1_26' title='bbox 880 388 981 438; x_wconf 90' lang='lat' dir='ltr'><strong>tibi</strong></span> <span class='ocrx_word' id='word_1_27' title='bbox 1003 395 1264 454; x_wconf 82' lang='lat' dir='ltr'><strong>tanquam</strong></span> <span class='ocrx_word' id='word_1_28' title='bbox 1287 388 1564 439; x_wconf 86' lang='lat' dir='ltr'><strong>hominem</strong></span> <span class='ocrx_word' id='word_1_29' title='bbox 1587 396 1644 439; x_wconf 87' lang='lat' dir='ltr'><strong>et</strong></span> <span class='ocrx_word' id='word_1_30' title='bbox 1665 406 1772 439; x_wconf 89' lang='lat' dir='ltr'><strong>non</strong></span> <span class='ocrx_word' id='word_1_31' title='bbox 1793 391 2040 440; x_wconf 89' lang='lat' dir='ltr'><strong>inerudi-</strong></span> 
     </span>
     <span class='ocr_line' id='line_1_5' title="bbox 433 455 2038 509; baseline -0.002 0"><span class='ocrx_word' id='word_1_32' title='bbox 433 467 549 509; x_wconf 89' lang='lat' dir='ltr'><strong>tum</strong></span> <span class='ocrx_word' id='word_1_33' title='bbox 587 463 644 507; x_wconf 88' lang='lat' dir='ltr'><strong>et</strong></span> <span class='ocrx_word' id='word_1_34' title='bbox 677 456 1005 507; x_wconf 83' lang='lat' dir='ltr'><strong>eruditionis</strong></span> <span class='ocrx_word' id='word_1_35' title='bbox 1026 471 1091 505; x_wconf 87' lang='lat' dir='ltr'><strong>ac</strong></span> <span class='ocrx_word' id='word_1_36' title='bbox 1112 455 1401 506; x_wconf 87' lang='lat' dir='ltr'><strong>doctrinae</strong></span> <span class='ocrx_word' id='word_1_37' title='bbox 1423 457 1866 506; x_wconf 83' lang='lat' dir='ltr'><strong>sitientissimum</strong></span> <span class='ocrx_word' id='word_1_38' title='bbox 1888 470 2038 506; x_wconf 85' lang='lat' dir='ltr'><strong>com·</strong></span> 
     </span>
     <span class='ocr_line' id='line_1_6' title="bbox 434 521 2040 587; baseline -0.002 -12"><span class='ocrx_word' id='word_1_39' title='bbox 434 525 790 583; x_wconf 85' lang='lat' dir='ltr'><strong>mendarunt,</strong></span> <span class='ocrx_word' id='word_1_40' title='bbox 829 537 951 572; x_wconf 90' lang='lat' dir='ltr'><strong>cum</strong></span> <span class='ocrx_word' id='word_1_41' title='bbox 981 522 1037 571; x_wconf 88' lang='lat' dir='ltr'><strong>in</strong></span> <span class='ocrx_word' id='word_1_42' title='bbox 1063 523 1165 572; x_wconf 91' lang='lat' dir='ltr'><strong>illo</strong></span> <span class='ocrx_word' id='word_1_43' title='bbox 1192 523 1378 587; x_wconf 88' lang='lat' dir='ltr'><strong>priore</strong></span> <span class='ocrx_word' id='word_1_44' title='bbox 1400 521 1734 572; x_wconf 79' lang='lat' dir='ltr'><strong>indulserint</strong></span> <span class='ocrx_word' id='word_1_45' title='bbox 1753 522 1933 572; x_wconf 84' lang='lat' dir='ltr'><strong>amori</strong></span> <span class='ocrx_word' id='word_1_46' title='bbox 1951 537 2040 572; x_wconf 85' lang='lat' dir='ltr'><strong>er-</strong></span> 
     </span>
     <span class='ocr_line' id='line_1_7' title="bbox 435 587 2039 657; baseline -0.001 -16"><span class='ocrx_word' id='word_1_47' title='bbox 435 606 507 657; x_wconf 85' lang='lat' dir='ltr'><strong>ga</strong></span> <span class='ocrx_word' id='word_1_48' title='bbox 546 605 630 640; x_wconf 90' lang='lat' dir='ltr'><strong>me</strong></span> <span class='ocrx_word' id='word_1_49' title='bbox 669 604 791 649; x_wconf 88' lang='lat' dir='ltr'><strong>suo,</strong></span> <span class='ocrx_word' id='word_1_50' title='bbox 831 589 887 637; x_wconf 89' lang='lat' dir='ltr'><strong>in</strong></span> <span class='ocrx_word' id='word_1_51' title='bbox 917 587 1025 638; x_wconf 86' lang='lat' dir='ltr'><strong>hoc</strong></span> <span class='ocrx_word' id='word_1_52' title='bbox 1059 588 1227 638; x_wconf 83' lang='lat' dir='ltr'><strong>etiam</strong></span> <span class='ocrx_word' id='word_1_53' title='bbox 1249 588 1427 639; x_wconf 84' lang='lat' dir='ltr'><strong>altero</strong></span> <span class='ocrx_word' id='word_1_54' title='bbox 1451 588 1632 638; x_wconf 86' lang='lat' dir='ltr'><strong>eidem</strong></span> <span class='ocrx_word' id='word_1_55' title='bbox 1657 588 1931 650; x_wconf 82' lang='lat' dir='ltr'><strong>obsecuti,</strong></span> <span class='ocrx_word' id='word_1_56' title='bbox 1971 603 2039 639; x_wconf 83' lang='lat' dir='ltr'><strong>ac</strong></span> 
     </span>
     <span class='ocr_line' id='line_1_8' title="bbox 434 653 2040 723; baseline -0.001 -15"><span class='ocrx_word' id='word_1_57' title='bbox 434 673 543 707; x_wconf 88' lang='lat' dir='ltr'><strong>non</strong></span> <span class='ocrx_word' id='word_1_58' title='bbox 566 656 749 723; x_wconf 83' lang='lat' dir='ltr'><strong>potius</strong></span> <span class='ocrx_word' id='word_1_59' title='bbox 772 655 827 704; x_wconf 90' lang='lat' dir='ltr'><strong>id</strong></span> <span class='ocrx_word' id='word_1_60' title='bbox 842 690 859 714; x_wconf 90' lang='lat'><strong>,</strong></span> <span class='ocrx_word' id='word_1_61' title='bbox 884 655 1029 720; x_wconf 90' lang='lat' dir='ltr'><strong>quod</strong></span> <span class='ocrx_word' id='word_1_62' title='bbox 1052 653 1398 720; x_wconf 85' lang='lat' dir='ltr'><strong>exploratum</strong></span> <span class='ocrx_word' id='word_1_63' title='bbox 1419 653 1716 716; x_wconf 86' lang='lat' dir='ltr'><strong>haberent,</strong></span> <span class='ocrx_word' id='word_1_64' title='bbox 1738 669 1869 705; x_wconf 80' lang='lat' dir='ltr'><strong>vere</strong></span> <span class='ocrx_word' id='word_1_65' title='bbox 1892 657 2040 720; x_wconf 82' lang='lat' dir='ltr'><strong>apud</strong></span> 
     </span>
     <span class='ocr_line' id='line_1_9' title="bbox 432 719 2038 788; baseline -0.002 -15"><span class='ocrx_word' id='word_1_66' title='bbox 432 731 489 773; x_wconf 84' lang='lat' dir='ltr'><strong>te</strong></span> <span class='ocrx_word' id='word_1_67' title='bbox 513 724 701 774; x_wconf 84' lang='lat' dir='ltr'><strong>testati</strong></span> <span class='ocrx_word' id='word_1_68' title='bbox 727 736 851 771; x_wconf 86' lang='lat' dir='ltr'><strong>esse</strong></span> <span class='ocrx_word' id='word_1_69' title='bbox 874 720 1181 770; x_wconf 84' lang='lat' dir='ltr'><strong>videantur.</strong></span> <span class='ocrx_word' id='word_1_70' title='bbox 1254 719 1417 782; x_wconf 79' lang='lat' dir='ltr'><strong>Quod</strong></span> <span class='ocrx_word' id='word_1_71' title='bbox 1438 736 1561 771; x_wconf 91' lang='lat' dir='ltr'><strong>cum</strong></span> <span class='ocrx_word' id='word_1_72' title='bbox 1583 719 1759 782; x_wconf 77' lang='lat' dir='ltr'><strong>facio,</strong></span> <span class='ocrx_word' id='word_1_73' title='bbox 1783 723 2038 788; x_wconf 81' lang='lat' dir='ltr'><strong>primum,</strong></span> 
     </span>
     <span class='ocr_line' id='line_1_10' title="bbox 436 785 2038 855; baseline -0.001 -15"><span class='ocrx_word' id='word_1_74' title='bbox 436 805 544 855; x_wconf 89' lang='lat' dir='ltr'><strong>quo</strong></span> <span class='ocrx_word' id='word_1_75' title='bbox 566 787 703 838; x_wconf 86' lang='lat' dir='ltr'><strong>nihil</strong></span> <span class='ocrx_word' id='word_1_76' title='bbox 726 788 941 838; x_wconf 89' lang='lat' dir='ltr'><strong>dulcius</strong></span> <span class='ocrx_word' id='word_1_77' title='bbox 966 793 1069 850; x_wconf 84' lang='lat' dir='ltr'><strong>est,</strong></span> <span class='ocrx_word' id='word_1_78' title='bbox 1092 785 1230 839; x_wconf 88' lang='lat' dir='ltr'><strong>nihil</strong></span> <span class='ocrx_word' id='word_1_79' title='bbox 1251 786 1550 851; x_wconf 79' lang='lat' dir='ltr'><strong>optabilius</strong></span> <span class='ocrx_word' id='word_1_80' title='bbox 1568 823 1584 848; x_wconf 97' lang='lat'><strong>,</strong></span> <span class='ocrx_word' id='word_1_81' title='bbox 1625 794 1855 838; x_wconf 84' lang='lat' dir='ltr'><strong>naturae</strong></span> <span class='ocrx_word' id='word_1_82' title='bbox 1879 801 2038 838; x_wconf 84' lang='lat' dir='ltr'><strong>meae</strong></span> 
     </span>
     <span class='ocr_line' id='line_1_11' title="bbox 434 851 2038 921; baseline -0.001 -16"><span class='ocrx_word' id='word_1_83' title='bbox 434 853 861 921; x_wconf 80' lang='lat' dir='ltr'><strong>propensionem</strong></span> <span class='ocrx_word' id='word_1_84' title='bbox 882 866 1103 919; x_wconf 85' lang='lat' dir='ltr'><strong>sequor.</strong></span> <span class='ocrx_word' id='word_1_85' title='bbox 1176 851 1322 904; x_wconf 88' lang='lat' dir='ltr'><strong>Vere</strong></span> <span class='ocrx_word' id='word_1_86' title='bbox 1344 854 1488 903; x_wconf 87' lang='lat' dir='ltr'><strong>enim</strong></span> <span class='ocrx_word' id='word_1_87' title='bbox 1509 851 1617 904; x_wconf 88' lang='lat' dir='ltr'><strong>hoc</strong></span> <span class='ocrx_word' id='word_1_88' title='bbox 1637 854 1742 904; x_wconf 89' lang='lat' dir='ltr'><strong>tibi</strong></span> <span class='ocrx_word' id='word_1_89' title='bbox 1763 855 2038 904; x_wconf 85' lang='lat' dir='ltr'><strong>affirmare</strong></span> 
     </span>
     <span class='ocr_line' id='line_1_12' title="bbox 433 917 2036 988; baseline -0.002 -16"><span class='ocrx_word' id='word_1_90' title='bbox 433 919 683 988; x_wconf 82' lang='lat' dir='ltr'><strong>possum,</strong></span> <span class='ocrx_word' id='word_1_91' title='bbox 725 920 775 969; x_wconf 88' lang='lat' dir='ltr'><strong>si</strong></span> <span class='ocrx_word' id='word_1_92' title='bbox 805 921 927 986; x_wconf 90' lang='lat' dir='ltr'><strong>quis</strong></span> <span class='ocrx_word' id='word_1_93' title='bbox 948 917 1083 968; x_wconf 88' lang='lat' dir='ltr'><strong>mihi</strong></span> <span class='ocrx_word' id='word_1_94' title='bbox 1106 919 1244 969; x_wconf 87' lang='lat' dir='ltr'><strong>deus</strong></span> <span class='ocrx_word' id='word_1_95' title='bbox 1266 934 1456 969; x_wconf 87' lang='lat' dir='ltr'><strong>omnes</strong></span> <span class='ocrx_word' id='word_1_96' title='bbox 1479 934 1615 987; x_wconf 85' lang='lat' dir='ltr'><strong>opes</strong></span> <span class='ocrx_word' id='word_1_97' title='bbox 1630 956 1646 980; x_wconf 92' lang='lat'><strong>,</strong></span> <span class='ocrx_word' id='word_1_98' title='bbox 1685 920 1870 969; x_wconf 90' lang='lat' dir='ltr'><strong>omnia</strong></span> <span class='ocrx_word' id='word_1_99' title='bbox 1888 934 2036 969; x_wconf 89' lang='lat' dir='ltr'><strong>com-</strong></span> 
     </span>
     <span class='ocr_line' id='line_1_13' title="bbox 433 986 2038 1101; baseline -0.001 -62"><span class='ocrx_word' id='word_1_100' title='bbox 433 988 618 1050; x_wconf 88' lang='lat' dir='ltr'><strong>moda,</strong></span> <span class='ocrx_word' id='word_1_101' title='bbox 642 1001 857 1037; x_wconf 89' lang='lat' dir='ltr'><strong>omnem</strong></span> <span class='ocrx_word' id='word_1_102' title='bbox 881 986 1185 1101; x_wconf 59' lang='lat' dir='ltr'><strong>potentiam</strong></span> <span class='ocrx_word' id='word_1_103' title='bbox 1209 991 1500 1053; x_wconf 83' lang='lat' dir='ltr'><strong>proponat,</strong></span> <span class='ocrx_word' id='word_1_104' title='bbox 1523 1001 1591 1036; x_wconf 85' lang='lat' dir='ltr'><strong>ea</strong></span> <span class='ocrx_word' id='word_1_105' title='bbox 1611 986 1737 1052; x_wconf 85' lang='lat' dir='ltr'><strong>lege</strong></span> <span class='ocrx_word' id='word_1_106' title='bbox 1760 1000 1826 1036; x_wconf 93' lang='lat' dir='ltr'><strong>ac</strong></span> <span class='ocrx_word' id='word_1_107' title='bbox 1846 986 2038 1038; x_wconf 79' lang='lat' dir='ltr'><strong>condi·</strong></span> 
     </span>
     <span class='ocr_line' id='line_1_14' title="bbox 432 1050 2038 1118; baseline -0.002 -12"><span class='ocrx_word' id='word_1_108' title='bbox 432 1057 588 1106; x_wconf 89' lang='lat' dir='ltr'><strong>tione</strong></span> <span class='ocrx_word' id='word_1_109' title='bbox 605 1090 620 1116; x_wconf 94' lang='lat'><strong>,</strong></span> <span class='ocrx_word' id='word_1_110' title='bbox 658 1058 719 1103; x_wconf 87' lang='lat' dir='ltr'><strong>ut</strong></span> <span class='ocrx_word' id='word_1_111' title='bbox 739 1066 889 1102; x_wconf 88' lang='lat' dir='ltr'><strong>seme</strong></span> <span class='ocrx_word' id='word_1_112' title='bbox 931 1053 1204 1117; x_wconf 77' lang='lat' dir='ltr'><strong>deponam</strong></span> <span class='ocrx_word' id='word_1_113' title='bbox 1226 1051 1363 1103; x_wconf 79' lang='lat' dir='ltr'><strong>haec</strong></span> <span class='ocrx_word' id='word_1_114' title='bbox 1382 1051 1566 1103; x_wconf 81' lang='lat' dir='ltr'><strong>studia</strong></span> <span class='ocrx_word' id='word_1_115' title='bbox 1583 1089 1596 1113; x_wconf 92' lang='lat'><strong>,</strong></span> <span class='ocrx_word' id='word_1_116' title='bbox 1621 1060 1677 1107; x_wconf 84' lang='lat' dir='ltr'><strong>et</strong></span> <span class='ocrx_word' id='word_1_117' title='bbox 1699 1050 1796 1102; x_wconf 84' lang='lat' dir='ltr'><strong>has</strong></span> <span class='ocrx_word' id='word_1_118' title='bbox 1818 1051 2038 1118; x_wconf 82' lang='lat' dir='ltr'><strong>quales-</strong></span> 
     </span>
     <span class='ocr_line' id='line_1_15' title="bbox 436 1119 2037 1188; baseline -0.002 -16"><span class='ocrx_word' id='word_1_119' title='bbox 436 1135 651 1188; x_wconf 88' lang='lat' dir='ltr'><strong>cunque</strong></span> <span class='ocrx_word' id='word_1_120' title='bbox 691 1119 998 1179; x_wconf 87' lang='lat' dir='ltr'><strong>litterulas,</strong></span> <span class='ocrx_word' id='word_1_121' title='bbox 1042 1119 1270 1173; x_wconf 79' lang='lat' dir='ltr'><strong>altrices</strong></span> <span class='ocrx_word' id='word_1_122' title='bbox 1306 1119 1723 1170; x_wconf 80' lang='lat' dir='ltr'><strong>adolescentiae</strong></span> <span class='ocrx_word' id='word_1_123' title='bbox 1751 1133 1934 1179; x_wconf 89' lang='lat' dir='ltr'><strong>meae,</strong></span> <span class='ocrx_word' id='word_1_124' title='bbox 1977 1119 2037 1168; x_wconf 79' lang='lat' dir='ltr'><strong>fi-</strong></span> 
     </span>
     <span class='ocr_line' id='line_1_16' title="bbox 435 1184 2037 1250; baseline -0.002 -11"><span class='ocrx_word' id='word_1_125' title='bbox 435 1188 693 1239; x_wconf 69' lang='lat' dir='ltr'><strong>dissimae</strong></span> <span class='ocrx_word' id='word_1_126' title='bbox 729 1201 975 1236; x_wconf 89' lang='lat' dir='ltr'><strong>meorum</strong></span> <span class='ocrx_word' id='word_1_127' title='bbox 1012 1185 1255 1235; x_wconf 89' lang='lat' dir='ltr'><strong>omnium</strong></span> <span class='ocrx_word' id='word_1_128' title='bbox 1284 1190 1593 1250; x_wconf 89' lang='lat' dir='ltr'><strong>temporum</strong></span> <span class='ocrx_word' id='word_1_129' title='bbox 1620 1186 1856 1235; x_wconf 76' lang='lat' dir='ltr'><strong>comites</strong></span> <span class='ocrx_word' id='word_1_130' title='bbox 1880 1184 2037 1236; x_wconf 76' lang='lat' dir='ltr'><strong>dese·</strong></span> 
     </span>
     <span class='ocr_line' id='line_1_17' title="bbox 431 1250 2036 1318; baseline -0.001 -14"><span class='ocrx_word' id='word_1_131' title='bbox 431 1269 580 1304; x_wconf 81' lang='lat' dir='ltr'><strong>ram:</strong></span> <span class='ocrx_word' id='word_1_132' title='bbox 620 1267 894 1318; x_wconf 86' lang='lat' dir='ltr'><strong>nunquam</strong></span> <span class='ocrx_word' id='word_1_133' title='bbox 923 1252 983 1303; x_wconf 82' lang='lat' dir='ltr'><strong>id</strong></span> <span class='ocrx_word' id='word_1_134' title='bbox 1011 1250 1213 1302; x_wconf 80' lang='lat' dir='ltr'><strong>faciam</strong></span> <span class='ocrx_word' id='word_1_135' title='bbox 1234 1265 1412 1317; x_wconf 86' lang='lat' dir='ltr'><strong>neque</strong></span> <span class='ocrx_word' id='word_1_136' title='bbox 1433 1251 1726 1318; x_wconf 80' lang='lat' dir='ltr'><strong>quicquam</strong></span> <span class='ocrx_word' id='word_1_137' title='bbox 1749 1251 1891 1302; x_wconf 79' lang='lat' dir='ltr'><strong>tanti</strong></span> <span class='ocrx_word' id='word_1_138' title='bbox 1910 1265 2036 1302; x_wconf 83' lang='lat' dir='ltr'><strong>esse</strong></span> 
     </span>
     <span class='ocr_line' id='line_1_18' title="bbox 434 1317 2037 1384; baseline -0.001 -14"><span class='ocrx_word' id='word_1_139' title='bbox 434 1320 648 1378; x_wconf 87' lang='lat' dir='ltr'><strong>ducam,</strong></span> <span class='ocrx_word' id='word_1_140' title='bbox 688 1317 838 1384; x_wconf 86' lang='lat' dir='ltr'><strong>quod</strong></span> <span class='ocrx_word' id='word_1_141' title='bbox 874 1318 1075 1368; x_wconf 89' lang='lat' dir='ltr'><strong>mereri</strong></span> <span class='ocrx_word' id='word_1_142' title='bbox 1113 1319 1298 1378; x_wconf 81' lang='lat' dir='ltr'><strong>velim,</strong></span> <span class='ocrx_word' id='word_1_143' title='bbox 1335 1323 1397 1369; x_wconf 90' lang='lat' dir='ltr'><strong>ut</strong></span> <span class='ocrx_word' id='word_1_144' title='bbox 1426 1332 1460 1366; x_wconf 87' lang='lat' dir='ltr'><strong>a</strong></span> <span class='ocrx_word' id='word_1_145' title='bbox 1485 1319 1814 1368; x_wconf 83' lang='lat' dir='ltr'><strong>suavissimo</strong></span> <span class='ocrx_word' id='word_1_146' title='bbox 1846 1332 2037 1368; x_wconf 84' lang='lat' dir='ltr'><strong>earum</strong></span> 
     </span>
     <span class='ocr_line' id='line_1_19' title="bbox 432 1382 2036 1450; baseline -0.002 -15"><span class='ocrx_word' id='word_1_147' title='bbox 432 1385 689 1450; x_wconf 82' lang='lat' dir='ltr'><strong>amplexu</strong></span> <span class='ocrx_word' id='word_1_148' title='bbox 726 1389 785 1432; x_wconf 90' lang='lat' dir='ltr'><strong>et</strong></span> <span class='ocrx_word' id='word_1_149' title='bbox 818 1382 1182 1433; x_wconf 86' lang='lat' dir='ltr'><strong>contubernio</strong></span> <span class='ocrx_word' id='word_1_150' title='bbox 1213 1383 1474 1435; x_wconf 86' lang='lat' dir='ltr'><strong>abducar.</strong></span> <span class='ocrx_word' id='word_1_151' title='bbox 1548 1384 1758 1444; x_wconf 79' lang='lat' dir='ltr'><strong>Quare,</strong></span> <span class='ocrx_word' id='word_1_152' title='bbox 1800 1392 1864 1435; x_wconf 86' lang='lat' dir='ltr'><strong>ut</strong></span> <span class='ocrx_word' id='word_1_153' title='bbox 1900 1384 2036 1446; x_wconf 87' lang='lat' dir='ltr'><strong>dixi,</strong></span> 
     </span>
     <span class='ocr_line' id='line_1_20' title="bbox 434 1450 2034 1517; baseline -0.001 -16"><span class='ocrx_word' id='word_1_154' title='bbox 434 1465 556 1517; x_wconf 87' lang='lat' dir='ltr'><strong>cum</strong></span> <span class='ocrx_word' id='word_1_155' title='bbox 594 1450 653 1498; x_wconf 88' lang='lat' dir='ltr'><strong>in</strong></span> <span class='ocrx_word' id='word_1_156' title='bbox 690 1462 786 1498; x_wconf 82' lang='lat' dir='ltr'><strong>eas</strong></span> <span class='ocrx_word' id='word_1_157' title='bbox 830 1453 953 1497; x_wconf 88' lang='lat' dir='ltr'><strong>toto</strong></span> <span class='ocrx_word' id='word_1_158' title='bbox 994 1455 1222 1513; x_wconf 84' lang='lat' dir='ltr'><strong>pectore</strong></span> <span class='ocrx_word' id='word_1_159' title='bbox 1260 1450 1549 1512; x_wconf 89' lang='lat' dir='ltr'><strong>incumbo,</strong></span> <span class='ocrx_word' id='word_1_160' title='bbox 1595 1456 1827 1501; x_wconf 83' lang='lat' dir='ltr'><strong>naturae</strong></span> <span class='ocrx_word' id='word_1_161' title='bbox 1878 1465 2034 1500; x_wconf 87' lang='lat' dir='ltr'><strong>meae</strong></span> 
     </span>
     <span class='ocr_line' id='line_1_21' title="bbox 432 1514 2038 1584; baseline 0 -17"><span class='ocrx_word' id='word_1_162' title='bbox 432 1532 627 1584; x_wconf 81' lang='lat' dir='ltr'><strong>pareo:</strong></span> <span class='ocrx_word' id='word_1_163' title='bbox 667 1514 834 1581; x_wconf 85' lang='lat' dir='ltr'><strong>idque</strong></span> <span class='ocrx_word' id='word_1_164' title='bbox 856 1514 1027 1575; x_wconf 80' lang='lat' dir='ltr'><strong>facio,</strong></span> <span class='ocrx_word' id='word_1_165' title='bbox 1067 1515 1216 1581; x_wconf 90' lang='lat' dir='ltr'><strong>quod</strong></span> <span class='ocrx_word' id='word_1_166' title='bbox 1237 1517 1286 1565; x_wconf 76' lang='lat' dir='ltr'><strong>si</strong></span> <span class='ocrx_word' id='word_1_167' title='bbox 1306 1516 1492 1568; x_wconf 86' lang='lat' dir='ltr'><strong>facere</strong></span> <span class='ocrx_word' id='word_1_168' title='bbox 1522 1525 1765 1577; x_wconf 83' lang='lat' dir='ltr'><strong>vetarer,</strong></span> <span class='ocrx_word' id='word_1_169' title='bbox 1809 1518 2038 1568; x_wconf 81' lang='lat' dir='ltr'><strong>vitalem</strong></span> 
     </span>
     <span class='ocr_line' id='line_1_22' title="bbox 431 1583 2037 1649; baseline -0.001 -14"><span class='ocrx_word' id='word_1_170' title='bbox 431 1583 567 1635; x_wconf 83' lang='lat' dir='ltr'><strong>mihi</strong></span> <span class='ocrx_word' id='word_1_171' title='bbox 606 1596 731 1633; x_wconf 87' lang='lat' dir='ltr'><strong>esse</strong></span> <span class='ocrx_word' id='word_1_172' title='bbox 772 1584 939 1632; x_wconf 81' lang='lat' dir='ltr'><strong>vitam</strong></span> <span class='ocrx_word' id='word_1_173' title='bbox 979 1593 1090 1631; x_wconf 89' lang='lat' dir='ltr'><strong>non</strong></span> <span class='ocrx_word' id='word_1_174' title='bbox 1126 1588 1396 1647; x_wconf 84' lang='lat' dir='ltr'><strong>putarem.</strong></span> <span class='ocrx_word' id='word_1_175' title='bbox 1466 1583 1712 1645; x_wconf 86' lang='lat' dir='ltr'><strong>Deinde,</strong></span> <span class='ocrx_word' id='word_1_176' title='bbox 1749 1598 1861 1649; x_wconf 88' lang='lat' dir='ltr'><strong>quo</strong></span> <span class='ocrx_word' id='word_1_177' title='bbox 1899 1583 2037 1635; x_wconf 72' lang='lat' dir='ltr'><strong>milii</strong></span> 
     </span>
     <span class='ocr_line' id='line_1_23' title="bbox 430 1648 2035 1717; baseline -0.001 -15"><span class='ocrx_word' id='word_1_178' title='bbox 430 1650 571 1702; x_wconf 88' lang='lat' dir='ltr'><strong>nihil</strong></span> <span class='ocrx_word' id='word_1_179' title='bbox 591 1650 742 1717; x_wconf 87' lang='lat' dir='ltr'><strong>prius</strong></span> <span class='ocrx_word' id='word_1_180' title='bbox 762 1665 828 1700; x_wconf 89' lang='lat' dir='ltr'><strong>ac</strong></span> <span class='ocrx_word' id='word_1_181' title='bbox 848 1648 1035 1713; x_wconf 78' lang='lat' dir='ltr'><strong>potius</strong></span> <span class='ocrx_word' id='word_1_182' title='bbox 1057 1663 1236 1714; x_wconf 88' lang='lat' dir='ltr'><strong>neque</strong></span> <span class='ocrx_word' id='word_1_183' title='bbox 1259 1656 1361 1710; x_wconf 85' lang='lat' dir='ltr'><strong>est,</strong></span> <span class='ocrx_word' id='word_1_184' title='bbox 1382 1665 1561 1715; x_wconf 89' lang='lat' dir='ltr'><strong>neque</strong></span> <span class='ocrx_word' id='word_1_185' title='bbox 1583 1665 1708 1700; x_wconf 83' lang='lat' dir='ltr'><strong>esse</strong></span> <span class='ocrx_word' id='word_1_186' title='bbox 1732 1649 1916 1711; x_wconf 82' lang='lat' dir='ltr'><strong>debet,</strong></span> <span class='ocrx_word' id='word_1_187' title='bbox 1944 1668 2035 1701; x_wconf 82' lang='lat' dir='ltr'><strong>vo-</strong></span> 
     </span>
     <span class='ocr_line' id='line_1_24' title="bbox 429 1715 2036 1782; baseline -0.002 -12"><span class='ocrx_word' id='word_1_188' title='bbox 429 1719 632 1770; x_wconf 86' lang='lat' dir='ltr'><strong>luntati</strong></span> <span class='ocrx_word' id='word_1_189' title='bbox 672 1723 801 1767; x_wconf 85' lang='lat' dir='ltr'><strong>tuae</strong></span> <span class='ocrx_word' id='word_1_190' title='bbox 836 1729 1045 1765; x_wconf 89' lang='lat' dir='ltr'><strong>morem</strong></span> <span class='ocrx_word' id='word_1_191' title='bbox 1124 1730 1244 1764; x_wconf 89' lang='lat' dir='ltr'><strong>ero.</strong></span> <span class='ocrx_word' id='word_1_192' title='bbox 1318 1716 1496 1781; x_wconf 86' lang='lat' dir='ltr'><strong>Saepe</strong></span> <span class='ocrx_word' id='word_1_193' title='bbox 1532 1716 1675 1766; x_wconf 87' lang='lat' dir='ltr'><strong>enim</strong></span> <span class='ocrx_word' id='word_1_194' title='bbox 1699 1715 1850 1778; x_wconf 87' lang='lat' dir='ltr'><strong>mihi,</strong></span> <span class='ocrx_word' id='word_1_195' title='bbox 1891 1732 2036 1782; x_wconf 83' lang='lat' dir='ltr'><strong>quae</strong></span> 
     </span>
     <span class='ocr_line' id='line_1_25' title="bbox 428 1780 2038 1849; baseline -0.002 -12"><span class='ocrx_word' id='word_1_196' title='bbox 428 1794 527 1837; x_wconf 86' lang='lat' dir='ltr'><strong>tua</strong></span> <span class='ocrx_word' id='word_1_197' title='bbox 544 1791 632 1834; x_wconf 85' lang='lat' dir='ltr'><strong>est</strong></span> <span class='ocrx_word' id='word_1_198' title='bbox 651 1782 977 1835; x_wconf 78' lang='lat' dir='ltr'><strong>humanitas.</strong></span> <span class='ocrx_word' id='word_1_199' title='bbox 1016 1796 1051 1831; x_wconf 84' lang='lat' dir='ltr'><strong>a</strong></span> <span class='ocrx_word' id='word_1_200' title='bbox 1112 1780 1301 1830; x_wconf 84' lang='lat' dir='ltr'><strong>rmasti</strong></span> <span class='ocrx_word' id='word_1_201' title='bbox 1317 1817 1332 1844; x_wconf 92' lang='lat'><strong>,</strong></span> <span class='ocrx_word' id='word_1_202' title='bbox 1347 1782 1553 1833; x_wconf 86' lang='lat' dir='ltr'><strong>nullum</strong></span> <span class='ocrx_word' id='word_1_203' title='bbox 1576 1783 1728 1834; x_wconf 86' lang='lat' dir='ltr'><strong>tibia</strong></span> <span class='ocrx_word' id='word_1_204' title='bbox 1746 1798 1834 1835; x_wconf 88' lang='lat' dir='ltr'><strong>me</strong></span> <span class='ocrx_word' id='word_1_205' title='bbox 1855 1797 2038 1849; x_wconf 83' lang='lat' dir='ltr'><strong>genus</strong></span> 
     </span>
     <span class='ocr_line' id='line_1_26' title="bbox 430 1849 2038 1916; baseline -0.002 -14"><span class='ocrx_word' id='word_1_206' title='bbox 430 1851 689 1916; x_wconf 83' lang='lat' dir='ltr'><strong>obsequii</strong></span> <span class='ocrx_word' id='word_1_207' title='bbox 709 1849 980 1915; x_wconf 83' lang='lat' dir='ltr'><strong>praestari</strong></span> <span class='ocrx_word' id='word_1_208' title='bbox 1006 1862 1172 1912; x_wconf 87' lang='lat' dir='ltr'><strong>posse</strong></span> <span class='ocrx_word' id='word_1_209' title='bbox 1203 1849 1532 1909; x_wconf 83' lang='lat' dir='ltr'><strong>iucundius,</strong></span> <span class='ocrx_word' id='word_1_210' title='bbox 1576 1864 1738 1916; x_wconf 89' lang='lat' dir='ltr'><strong>quam</strong></span> <span class='ocrx_word' id='word_1_211' title='bbox 1782 1852 1832 1900; x_wconf 86' lang='lat' dir='ltr'><strong>si</strong></span> <span class='ocrx_word' id='word_1_212' title='bbox 1871 1864 2038 1901; x_wconf 86' lang='lat' dir='ltr'><strong>omne</strong></span> 
     </span>
     <span class='ocr_line' id='line_1_27' title="bbox 426 1915 2040 1982; baseline -0.001 -15"><span class='ocrx_word' id='word_1_213' title='bbox 426 1926 646 1981; x_wconf 87' lang='lat' dir='ltr'><strong>tempus</strong></span> <span class='ocrx_word' id='word_1_214' title='bbox 669 1916 939 1967; x_wconf 82' lang='lat' dir='ltr'><strong>arbitratu</strong></span> <span class='ocrx_word' id='word_1_215' title='bbox 958 1928 1082 1963; x_wconf 90' lang='lat' dir='ltr'><strong>meo</strong></span> <span class='ocrx_word' id='word_1_216' title='bbox 1104 1928 1370 1979; x_wconf 86' lang='lat' dir='ltr'><strong>ponerem</strong></span> <span class='ocrx_word' id='word_1_217' title='bbox 1397 1917 1453 1964; x_wconf 90' lang='lat' dir='ltr'><strong>in</strong></span> <span class='ocrx_word' id='word_1_218' title='bbox 1482 1916 1690 1965; x_wconf 86' lang='lat' dir='ltr'><strong>litteris</strong></span> <span class='ocrx_word' id='word_1_219' title='bbox 1728 1922 1785 1966; x_wconf 91' lang='lat' dir='ltr'><strong>et</strong></span> <span class='ocrx_word' id='word_1_220' title='bbox 1821 1915 2040 1982; x_wconf 83' lang='lat' dir='ltr'><strong>aliquid</strong></span> 
     </span>
     <span class='ocr_line' id='line_1_28' title="bbox 429 1981 2040 2048; baseline -0.001 -15"><span class='ocrx_word' id='word_1_221' title='bbox 429 1984 673 2041; x_wconf 82' lang='lat' dir='ltr'><strong>assidue,</strong></span> <span class='ocrx_word' id='word_1_222' title='bbox 718 1981 1057 2046; x_wconf 89' lang='lat' dir='ltr'><strong>quantumin</strong></span> <span class='ocrx_word' id='word_1_223' title='bbox 1078 1995 1166 2030; x_wconf 87' lang='lat' dir='ltr'><strong>me</strong></span> <span class='ocrx_word' id='word_1_224' title='bbox 1188 1988 1361 2042; x_wconf 85' lang='lat' dir='ltr'><strong>esset,</strong></span> <span class='ocrx_word' id='word_1_225' title='bbox 1402 1983 1732 2032; x_wconf 82' lang='lat' dir='ltr'><strong>excuderem</strong></span> <span class='ocrx_word' id='word_1_226' title='bbox 1747 2018 1762 2042; x_wconf 94' lang='lat'><strong>,</strong></span> <span class='ocrx_word' id='word_1_227' title='bbox 1804 1983 1958 2048; x_wconf 85' lang='lat' dir='ltr'><strong>quod</strong></span> <span class='ocrx_word' id='word_1_228' title='bbox 1977 1990 2040 2033; x_wconf 86' lang='lat' dir='ltr'><strong>et</strong></span> 
     </span>
     <span class='ocr_line' id='line_1_29' title="bbox 427 2046 2040 2109; baseline -0.001 -9"><span class='ocrx_word' id='word_1_229' title='bbox 427 2047 560 2101; x_wconf 82' lang='lat' dir='ltr'><strong>mihi</strong></span> <span class='ocrx_word' id='word_1_230' title='bbox 606 2056 957 2106; x_wconf 79' lang='lat' dir='ltr'><strong>ornamento,</strong></span> <span class='ocrx_word' id='word_1_231' title='bbox 1000 2052 1057 2097; x_wconf 84' lang='lat' dir='ltr'><strong>et</strong></span> <span class='ocrx_word' id='word_1_232' title='bbox 1087 2046 1216 2097; x_wconf 86' lang='lat' dir='ltr'><strong>aliis</strong></span> <span class='ocrx_word' id='word_1_233' title='bbox 1246 2049 1396 2109; x_wconf 86' lang='lat' dir='ltr'><strong>usui,</strong></span> <span class='ocrx_word' id='word_1_234' title='bbox 1439 2054 1496 2099; x_wconf 91' lang='lat' dir='ltr'><strong>et</strong></span> <span class='ocrx_word' id='word_1_235' title='bbox 1519 2048 1620 2098; x_wconf 85' lang='lat' dir='ltr'><strong>tibi</strong></span> <span class='ocrx_word' id='word_1_236' title='bbox 1664 2048 2040 2099; x_wconf 87' lang='lat' dir='ltr'><strong>oblectationi</strong></span> 
     </span>
     <span class='ocr_line' id='line_1_30' title="bbox 428 2112 2038 2179; baseline -0.001 -12"><span class='ocrx_word' id='word_1_237' title='bbox 428 2130 554 2167; x_wconf 82' lang='lat' dir='ltr'><strong>esse</strong></span> <span class='ocrx_word' id='word_1_238' title='bbox 576 2120 788 2179; x_wconf 89' lang='lat' dir='ltr'><strong>posset.</strong></span> <span class='ocrx_word' id='word_1_239' title='bbox 859 2112 1053 2179; x_wconf 83' lang='lat' dir='ltr'><strong>Nequ‘e</strong></span> <span class='ocrx_word' id='word_1_240' title='bbox 1074 2128 1208 2164; x_wconf 84' lang='lat' dir='ltr'><strong>vero</strong></span> <span class='ocrx_word' id='word_1_241' title='bbox 1231 2129 1336 2175; x_wconf 90' lang='lat' dir='ltr'><strong>me,</strong></span> <span class='ocrx_word' id='word_1_242' title='bbox 1364 2121 1424 2164; x_wconf 94' lang='lat' dir='ltr'><strong>ut</strong></span> <span class='ocrx_word' id='word_1_243' title='bbox 1445 2115 1504 2164; x_wconf 86' lang='lat' dir='ltr'><strong>id</strong></span> <span class='ocrx_word' id='word_1_244' title='bbox 1524 2115 1749 2175; x_wconf 85' lang='lat' dir='ltr'><strong>faciam,</strong></span> <span class='ocrx_word' id='word_1_245' title='bbox 1773 2114 2038 2166; x_wconf 80' lang='lat' dir='ltr'><strong>oratione</strong></span> 
     </span>
     <span class='ocr_line' id='line_1_31' title="bbox 427 2178 2040 2247; baseline -0.001 -13"><span class='ocrx_word' id='word_1_246' title='bbox 427 2189 638 2234; x_wconf 90' lang='lat' dir='ltr'><strong>tantum</strong></span> <span class='ocrx_word' id='word_1_247' title='bbox 676 2178 1024 2241; x_wconf 74' lang='lat' dir='ltr'><strong>cohortaris,</strong></span> <span class='ocrx_word' id='word_1_248' title='bbox 1083 2195 1274 2231; x_wconf 76' lang='lat' dir='ltr'><strong>verum</strong></span> <span class='ocrx_word' id='word_1_249' title='bbox 1313 2182 1479 2231; x_wconf 84' lang='lat' dir='ltr'><strong>etiam</strong></span> <span class='ocrx_word' id='word_1_250' title='bbox 1517 2182 1792 2247; x_wconf 73' lang='lat' dir='ltr'><strong>exemplo·</strong></span> <span class='ocrx_word' id='word_1_251' title='bbox 1883 2181 2040 2241; x_wconf 76' lang='lat' dir='ltr'><strong>Quid</strong></span> 
     </span>
     <span class='ocr_line' id='line_1_32' title="bbox 428 2247 2040 2314; baseline -0.001 -15"><span class='ocrx_word' id='word_1_252' title='bbox 428 2251 572 2300; x_wconf 89' lang='lat' dir='ltr'><strong>enim</strong></span> <span class='ocrx_word' id='word_1_253' title='bbox 592 2248 784 2299; x_wconf 78' lang='lat' dir='ltr'><strong>facere</strong></span> <span class='ocrx_word' id='word_1_254' title='bbox 804 2262 905 2297; x_wconf 88' lang='lat' dir='ltr'><strong>nos</strong></span> <span class='ocrx_word' id='word_1_255' title='bbox 929 2252 1176 2311; x_wconf 86' lang='lat' dir='ltr'><strong>oportet,</strong></span> <span class='ocrx_word' id='word_1_256' title='bbox 1217 2248 1530 2314; x_wconf 82' lang='lat' dir='ltr'><strong>quicunque</strong></span> <span class='ocrx_word' id='word_1_257' title='bbox 1565 2249 1676 2297; x_wconf 84' lang='lat' dir='ltr'><strong>tuis</strong></span> <span class='ocrx_word' id='word_1_258' title='bbox 1699 2247 1899 2313; x_wconf 87' lang='lat' dir='ltr'><strong>opibus</strong></span> <span class='ocrx_word' id='word_1_259' title='bbox 1923 2262 2040 2297; x_wconf 82' lang='lat' dir='ltr'><strong>non</strong></span> 
     </span>
     <span class='ocr_line' id='line_1_33' title="bbox 427 2312 2038 2377; baseline -0.002 -11"><span class='ocrx_word' id='word_1_260' title='bbox 427 2317 591 2366; x_wconf 82' lang='lat' dir='ltr'><strong>aliam</strong></span> <span class='ocrx_word' id='word_1_261' title='bbox 636 2316 705 2365; x_wconf 90' lang='lat' dir='ltr'><strong>ob</strong></span> <span class='ocrx_word' id='word_1_262' title='bbox 747 2329 967 2364; x_wconf 83' lang='lat' dir='ltr'><strong>causam</strong></span> <span class='ocrx_word' id='word_1_263' title='bbox 1004 2312 1275 2375; x_wconf 84' lang='lat' dir='ltr'><strong>fovemur,</strong></span> <span class='ocrx_word' id='word_1_264' title='bbox 1317 2321 1706 2374; x_wconf 80' lang='lat' dir='ltr'><strong>sustentamur,</strong></span> <span class='ocrx_word' id='word_1_265' title='bbox 1749 2328 2038 2377; x_wconf 80' lang='lat' dir='ltr'><strong>ornamur,</strong></span> 
     </span>
     <span class='ocr_line' id='line_1_34' title="bbox 428 2380 2038 2446; baseline 0.001 -15"><span class='ocrx_word' id='word_1_266' title='bbox 428 2396 589 2446; x_wconf 86' lang='lat' dir='ltr'><strong>quam</strong></span> <span class='ocrx_word' id='word_1_267' title='bbox 612 2382 746 2431; x_wconf 87' lang='lat' dir='ltr'><strong>utin</strong></span> <span class='ocrx_word' id='word_1_268' title='bbox 769 2380 854 2431; x_wconf 83' lang='lat' dir='ltr'><strong>his</strong></span> <span class='ocrx_word' id='word_1_269' title='bbox 875 2380 1075 2430; x_wconf 86' lang='lat' dir='ltr'><strong>studiis</strong></span> <span class='ocrx_word' id='word_1_270' title='bbox 1098 2381 1247 2429; x_wconf 89' lang='lat' dir='ltr'><strong>omni</strong></span> <span class='ocrx_word' id='word_1_271' title='bbox 1276 2382 1619 2446; x_wconf 81' lang='lat' dir='ltr'><strong>cogitatione</strong></span> <span class='ocrx_word' id='word_1_272' title='bbox 1658 2381 1866 2442; x_wconf 79' lang='lat' dir='ltr'><strong>defixa,</strong></span> <span class='ocrx_word' id='word_1_273' title='bbox 1909 2381 2038 2433; x_wconf 72' lang='lat' dir='ltr'><strong>dies</strong></span> 
     </span>
     <span class='ocr_line' id='line_1_35' title="bbox 430 2446 2038 2513; baseline 0.001 -18"><span class='ocrx_word' id='word_1_274' title='bbox 430 2454 734 2510; x_wconf 83' lang='lat' dir='ltr'><strong>noctesque</strong></span> <span class='ocrx_word' id='word_1_275' title='bbox 756 2460 1141 2495; x_wconf 81' lang='lat' dir='ltr'><strong>exerceamur:</strong></span> <span class='ocrx_word' id='word_1_276' title='bbox 1185 2461 1306 2495; x_wconf 90' lang='lat' dir='ltr'><strong>cum</strong></span> <span class='ocrx_word' id='word_1_277' title='bbox 1326 2453 1403 2507; x_wconf 91' lang='lat' dir='ltr'><strong>te,</strong></span> <span class='ocrx_word' id='word_1_278' title='bbox 1445 2454 1519 2507; x_wconf 91' lang='lat' dir='ltr'><strong>te,</strong></span> <span class='ocrx_word' id='word_1_279' title='bbox 1555 2448 1796 2513; x_wconf 87' lang='lat' dir='ltr'><strong>inquam,</strong></span> <span class='ocrx_word' id='word_1_280' title='bbox 1827 2446 2038 2512; x_wconf 77' lang='lat' dir='ltr'><strong>ipsum,</strong></span> 
     </span>
     <span class='ocr_line' id='line_1_36' title="bbox 429 2509 2038 2579; baseline 0.002 -20"><span class='ocrx_word' id='word_1_281' title='bbox 429 2525 592 2575; x_wconf 87' lang='lat' dir='ltr'><strong>quem</strong></span> <span class='ocrx_word' id='word_1_282' title='bbox 630 2511 971 2561; x_wconf 82' lang='lat' dir='ltr'><strong>moderatrix</strong></span> <span class='ocrx_word' id='word_1_283' title='bbox 1002 2509 1359 2560; x_wconf 74' lang='lat' dir='ltr'><strong>humanarum</strong></span> <span class='ocrx_word' id='word_1_284' title='bbox 1382 2526 1566 2563; x_wconf 86' lang='lat' dir='ltr'><strong>rerum</strong></span> <span class='ocrx_word' id='word_1_285' title='bbox 1588 2514 1943 2579; x_wconf 78' lang='lat' dir='ltr'><strong>providentia</strong></span> <span class='ocrx_word' id='word_1_286' title='bbox 1971 2513 2038 2563; x_wconf 80' lang='lat' dir='ltr'><strong>in</strong></span> 
     </span>
     <span class='ocr_line' id='line_1_37' title="bbox 428 2574 2040 2645; baseline 0.003 -21"><span class='ocrx_word' id='word_1_287' title='bbox 428 2575 701 2624; x_wconf 82' lang='lat' dir='ltr'><strong>altissimo</strong></span> <span class='ocrx_word' id='word_1_288' title='bbox 722 2575 1011 2639; x_wconf 83' lang='lat' dir='ltr'><strong>dignitatis</strong></span> <span class='ocrx_word' id='word_1_289' title='bbox 1034 2574 1212 2640; x_wconf 84' lang='lat' dir='ltr'><strong>gradu</strong></span> <span class='ocrx_word' id='word_1_290' title='bbox 1231 2577 1566 2628; x_wconf 87' lang='lat' dir='ltr'><strong>collocatum</strong></span> <span class='ocrx_word' id='word_1_291' title='bbox 1581 2616 1595 2638; x_wconf 94' lang='lat'><strong>,</strong></span> <span class='ocrx_word' id='word_1_292' title='bbox 1622 2585 1890 2644; x_wconf 81' lang='lat' dir='ltr'><strong>perpetua</strong></span> <span class='ocrx_word' id='word_1_293' title='bbox 1907 2593 2040 2645; x_wconf 72' lang='lat' dir='ltr'><strong>gra-</strong></span> 
     </span>
     <span class='ocr_line' id='line_1_38' title="bbox 430 2640 2041 2704; baseline 0.002 -12"><span class='ocrx_word' id='word_1_294' title='bbox 430 2640 775 2692; x_wconf 76' lang='lat' dir='ltr'><strong>vissimorum</strong></span> <span class='ocrx_word' id='word_1_295' title='bbox 796 2654 1079 2691; x_wconf 87' lang='lat' dir='ltr'><strong>munerum</strong></span> <span class='ocrx_word' id='word_1_296' title='bbox 1100 2643 1494 2704; x_wconf 85' lang='lat' dir='ltr'><strong>procuratione</strong></span> <span class='ocrx_word' id='word_1_297' title='bbox 1516 2645 1828 2696; x_wconf 85' lang='lat' dir='ltr'><strong>districtum</strong></span> <span class='ocrx_word' id='word_1_298' title='bbox 1849 2645 2041 2695; x_wconf 83' lang='lat' dir='ltr'><strong>teneri</strong></span> 
     </span>
    </p>
   </div>
  </div>
 </body>
</html>
