2275 3025
442 103 704 160 Epls'r.
738 103 894 156 LlB.
931 103 1038 156 111.
1076 103 1196 156 ΕΡ.
1231 104 1420 170 XgLV.
1456 102 1680 155 XLVI.
1758 101 1862 152 263

270 203 465 260 tissime
491 205 697 271 aliquid
727 203 821 254 abs
850 211 902 254 te
936 202 1240 253 litterarum
1275 211 1634 270 accepturum.
1715 200 1862 253 Vale.

275 271 505 324 Genuae.
530 287 611 334 ty.
634 269 774 321 Non.
798 267 1081 320 Novembr.
1108 283 1400 322 unnxxxt.

454 547 677 600 XLVI.
714 547 790 598 M.
827 546 1254 599 ANTONIUS
1289 545 1682 599 MURETUS

644 643 1107 682 consa-‘mrum
1155 645 1278 682 sno
1338 645 1386 682 s,
1424 645 1482 682 n.

336 697 613 782 Litteras
635 745 669 781 a
684 735 740 781 te
767 737 896 796 post
914 730 1224 782 discessum
1251 729 1380 782 hinc
1407 725 1562 782 tuum'
1580 729 1760 780 nullas
1779 743 1872 779 ac·
1903 767 1918 774 -

272 801 397 865 cepi
434 803 657 864 praeter
697 812 811 859 eas,
870 811 1011 863 quae
1048 797 1188 848 mihi
1224 813 1468 848 mensem
1508 797 1628 848 fere
1668 793 1870 847 abhinc

269 881 435 916 unum
453 863 705 914 redditae
728 870 872 924 sunt,
896 879 1007 914 una
1026 879 1150 914 cum
1170 864 1396 920 vasculo
1421 864 1634 916 conditi
1653 877 1684 913 e
1706 861 1868 912 malis

270 929 531 992 Persicis,
575 930 725 996 quod
742 929 879 982 mihi
896 945 1030 980 sane
1052 928 1512 982 iucundissimum
1531 917 1657 979 fuit.
1728 929 1870 978 Tam

269 997 444 1050 multa
478 997 585 1048 tibi
615 997 851 1047 adversa
879 997 1154 1056 evenisse,
1193 996 1430 1046 moleste
1469 995 1619 1057 fer03
1657 993 1872 1046 incolu-

269 1077 415 1116 mem
431 1069 488 1114 te
511 1078 583 1114 ex
600 1063 715 1112 illis
738 1064 1007 1122 evasisse,
1029 1062 1422 1112 immortaliter
1439 1062 1678 1140 gaudeo.
1704 1058 1870 1119 Quod

268 1144 357 1182 me
378 1144 548 1190 amas,
565 1129 707 1178 scito
725 1134 784 1179 te
802 1126 861 1176 id
882 1133 1068 1177 mutuo
1090 1127 1297 1178 facere.
1333 1128 1406 1177 Et
1421 1143 1474 1178 si
1493 1127 1626 1193 quid
1645 1125 1870 1185 accidit,

268 1197 328 1248 in
350 1209 461 1262 quo
482 1195 757 1246 declarari
776 1193 881 1246 tibi
898 1192 1057 1253 velis,
1099 1194 1292 1260 quanti
1311 1210 1348 1246 a
1363 1208 1451 1244 me
1473 1194 1594 1255 iias,
1635 1207 1746 1243 non
1767 1191 1872 1242 fal·

268 1261 380 1314 lam
402 1261 717 1340 opinionem
732 1266 901 1310 tuam.
939 1258 1160 1320 Vinum,
1219 1259 1330 1310 uod
1349 1266 1407 1310 te
1423 1261 1717 1312 missurum
1735 1258 1872 1308 scri-

267 1328 377 1389 bis,
410 1341 463 1378 si
481 1326 605 1387 erit,
646 1340 747 1392 per
771 1339 933 1392 quem
970 1340 1188 1376 commo
1230 1340 1261 1376 e
1298 1326 1506 1389 mittas,
1537 1327 1619 1376 ita
1651 1325 1870 1376 demum

268 1392 407 1445 mihi
424 1398 643 1461 gratum
662 1391 905 1442 futurum
926 1397 1031 1454 est,
1052 1392 1103 1443 si
1140 1392 1296 1444 nullo
1337 1399 1436 1444 tuo
1457 1398 1652 1447 ,sumtu
1673 1391 1734 1441 id
1753 1391 1868 1441 fiat.

272 1459 507 1511 Omnino
547 1459 693 1509 enim
728 1465 969 1511 sumtum
1001 1474 1036 1508 a
1065 1466 1123 1511 te
1157 1460 1364 1511 nullum
1384 1474 1510 1511 mea
1535 1473 1708 1511 causa
1746 1456 1871 1506 lieri

268 1527 419 1581 volo.
489 1526 639 1578 Satis
658 1540 933 1592 superque
962 1525 1101 1577 mihi
1138 1526 1384 1579 futurum
1425 1533 1530 1588 est,
1573 1541 1696 1577 cum
1734 1523 1870 1589 quid

266 1593 437 1645 istinc
454 1590 588 1644 mihi
608 1593 793 1643 curari
810 1592 1011 1652 volam,
1028 1594 1216 1653 (erunt
1233 1599 1420 1643 autem
1439 1592 1715 1643 interdum
1733 1605 1870 1641 non·

268 1660 423 1711 nulla
443 1672 583 1725 quae
604 1658 823 1721 velim,)
864 1672 927 1709 se
949 1671 1073 1708 mea
1092 1672 1263 1709 causa
1287 1673 1511 1723 operam
1533 1658 1776 1718 dederis,
1806 1664 1870 1707 ut

268 1725 423 1777 lecta
444 1724 629 1774 omnia
648 1730 706 1774 et
724 1740 849 1775 cum
868 1723 976 1773 iide
1016 1723 1089 1773 ad
1115 1738 1205 1773 me
1226 1723 1546 1775 afferantur.
1618 1724 1868 1775 Pretium

270 1797 329 1843 et
348 1806 448 1857 pro
470 1805 654 1841 merce
684 1796 741 1840 et
761 1804 859 1856 pro
886 1795 1112 1841 vectura
1129 1792 1320 1843 statim
1343 1792 1736 1852 adnumerabo,
1775 1789 1869 1839 cui

265 1863 331 1909 tu
350 1856 641 1923 scripseris
672 1863 731 1907 et
767 1862 1028 1923 quantum
1055 1856 1364 1923 scripseris.
1434 1858 1870 1923 Respondissem

268 1925 434 1978 citius
455 1924 525 1973 ad
540 1924 757 1973 litteras
771 1931 911 1985 tuas,
927 1923 977 1973 si
996 1937 1091 1973 eas
1108 1923 1180 1974 ad
1195 1938 1280 1975 me
1303 1925 1564 1977 Centurio
1584 1925 1706 1991 ipse
1725 1927 1870 1973 attu-

267 1988 447 2041 lisset.
519 1990 631 2041 Sed
656 2004 831 2057 nuper
867 1990 1164 2040 admodum
1191 1990 1264 2041 ad
1282 2006 1367 2043 me
1391 1992 1559 2042 venit.
1627 1991 1751 2055 Ego
1773 2002 1868 2037 au-

270 2062 401 2118 tem,
421 2062 713 2125 antequam
738 2072 862 2110 eum
883 2056 1148 2118 viderem,
1189 2060 1279 2108 cui
1297 2058 1516 2109 litteras
1553 2056 1624 2107 ad
1660 2062 1720 2105 te
1742 2057 1866 2103 tuto

270 2122 401 2174 dare
421 2137 661 2188 possem,
685 2124 1017 2175 nesciebam.
1088 2122 1256 2175 Visus
1277 2132 1364 2175 est
1381 2122 1516 2174 mihi
1537 2121 1868 2171 adolescens

268 2186 693 2241 honestissimus
723 2197 781 2239 et
816 2190 1017 2267 dignus
1036 2195 1155 2240 tum
1177 2190 1468 2241 nobilitate
1491 2187 1676 2266 gentis
1712 2197 1868 2244 suae,

269 2260 387 2305 tum
420 2262 519 2306 tua
543 2255 1040 2307 conimendatione.
1111 2256 1162 2306 lt
1236 2270 1306 2307 ue
1343 2254 1521 2306 detuli
1557 2252 1614 2303 ei
1649 2248 1868 2315 prolixe

268 2335 396 2373 mea
416 2324 623 2383 omnia3
658 2322 993 2387 omninoque
1033 2270 1348 2387 putoaffore,
1382 2326 1444 2371 ut
1481 2324 1610 2369 ante
1652 2316 1868 2381 aliquot

268 2402 489 2438 menses
510 2392 693 2437 exstet
712 2389 944 2452 egregia
973 2388 1162 2453 aliqua
1197 2384 1536 2453 significatio
1565 2382 1868 2434 voluntatis

268 2454 328 2503 in
350 2468 473 2503 eum
493 2466 666 2503 meae.
705 2452 925 2502 Mittam
946 2454 1015 2503 ad
1037 2463 1091 2503 te
1113 2453 1321 2518 scripta
1341 2451 1611 2519 quaedam
1630 2462 1771 2509 mea,
1794 2448 1868 2498 si-

269 2520 550 2585 mulatque
574 2517 672 2568 has
695 2518 910 2567 litteras
932 2519 1001 2568 ad
1022 2525 1077 2569 te
1098 2520 1340 2584 perlatas
1379 2532 1504 2569 esse
1528 2526 1866 2584 cognovero.
1935 2542 1940 2548 ·

267 2587 347 2640 Μ.
369 2584 635 2639 Antonius
660 2584 849 2637 fratris
869 2585 978 2634 mei
995 2583 1059 2635 F.
1079 2590 1135 2635 te
1157 2585 1381 2648 salutat,
1402 2584 1600 2637 crebro
1621 2585 1689 2635 de
1709 2589 1766 2631 te
1787 2580 1871 2629 lo-
