2275 3025
429 116 530 167 118
964 115 1041 165 M.
1079 116 1140 166 A.
1176 114 1496 166 MURETI

429 213 613 283 lapsis,
652 213 926 266 machinas
947 215 1109 267 etiam
1138 214 1471 278 adhibuerit:
1531 214 1753 265 Laudat
1768 222 1844 278 te,
1876 232 2031 283 quem

427 283 510 333 ita
531 290 708 333 tamen
729 298 824 332 acc
888 281 950 333 it.
1023 281 1139 333 Scit
1157 282 1383 345 scilicet,
1415 298 1567 348 quem
1587 284 1791 345 laudet,
1810 292 1885 334 ,ει
1902 300 2030 346 cur,-

429 348 643 410 metuit,
681 365 746 400 ne
776 298 1022 427 offindat
1043 350 1231 400 solido.
1314 347 1479 400 Valde
1504 348 1690 399 laboro
1710 348 1768 398 in
1794 365 2029 416 pramo-

430 414 570 467 mine
595 416 830 467 Cor-uela
851 414 1072 494 Nepotis
1095 415 1407 467 inveniendo
1422 432 1441 465 .·
1493 422 1569 477 tu,
1589 414 1821 493 sipotes,
1839 432 1923 467 me
1942 432 2030 468 ex·

422 482 586 549 plica.
669 480 822 544 Vale,
861 498 936 533 mn
961 481 1259 532 doctissime
1289 489 1343 532 et
1380 480 1753 533 humanisstme
1801 481 2028 535 domine.

432 549 667 601 Salutem
687 548 800 599 dixi
825 548 1118 599 clarissimo
1144 544 1388 599 Orator-i.
1472 547 1721 599 Venetiia.
1756 546 1880 600 Kal.
1905 548 2028 601 Ian.

431 630 637 668 unxtx.

872 844 1183 899 LXXVII.
1219 844 1604 899 MURETUS
1634 851 1645 856 '

1015 927 1353 964 orrnmuo
1391 926 1441 965 a.

503 982 680 1067 Tum
705 1012 922 1065 demum
949 1029 1060 1067 non
1089 1013 1394 1075 recusabo,
1426 1013 1559 1079 quin
1586 1018 1646 1065 te
1664 1012 1799 1065 mihi
1820 1014 2033 1081 aliquid

433 1082 638 1133 debere
658 1080 915 1143 fatearis,
946 1082 1021 1133 mi
1043 1080 1311 1147 Giphani,
1334 1096 1459 1131 cum
1477 1089 1573 1131 tua
1593 1096 1763 1133 causa
1780 1082 2033 1132 laborem

431 1148 672 1213 aliquem
701 1161 923 1214 cepero.
995 1148 1155 1207 Quae
1186 1148 1331 1197 enim
1358 1160 1536 1214 usque
1566 1146 1675 1199 huc
1700 1153 1809 1199 ate
1840 1152 2032 1198 oratus

429 1212 569 1276 feci,
592 1228 702 1264 non
721 1229 812 1263 ma
853 1214 898 1263 's
914 1228 1083 1264 causa
1100 1219 1200 1264 tua
1216 1212 1359 1275 feci,
1382 1228 1543 1279 quam
1559 1226 1701 1265 mea.
1772 1212 1929 1265 Nihil
1946 1220 2035 1265 est

433 1282 597 1341 enim,
613 1279 761 1346 quod
777 1279 820 1329 li
859 1280 1040 1329 entius
1059 1278 1282 1341 faciam,
1298 1294 1421 1329 cum
1435 1278 1566 1345 quid
1584 1282 1745 1331 vacui
1761 1281 2031 1347 temporis

433 1346 620 1407 datur,
667 1358 829 1409 quam
861 1349 926 1394 ut
957 1344 1134 1395 libros
1182 1342 1541 1411 pervulgatus
1588 1362 1711 1397 cum
1746 1348 2031 1399 veteribus

432 1410 733 1462 conferam.
803 1408 1062 1461 Nondum
1090 1425 1321 1478 possum
1348 1412 1419 1461 ad
1447 1417 1505 1462 te
1524 1414 1747 1464 mittere
1774 1413 1924 1481 quod
1944 1426 2029 1464 re-

429 1478 641 1546 liquum
661 1482 772 1541 est,
799 1478 872 1530 iis
894 1478 1379 1544 occupationibus,
1401 1492 1542 1546 quae
1560 1480 1665 1531 tibi
1718 1496 1901 1548 uoque
1919 1480 2031 1548 ipsi

429 1561 541 1598 non
579 1547 810 1614 ignotae
837 1550 995 1608 sunt,
1048 1544 1365 1612 impeditus.
1439 1545 1663 1597 Contuli
1716 1561 1861 1609 oca,·
1886 1561 2027 1612 quae

429 1620 742 1676 amaveras,
757 1619 814 1664 et
833 1612 1135 1664 admiratus
1158 1629 1279 1664 sum
1298 1611 1589 1677 hominis*)
1610 1613 2029 1680 impudentiam:

431 1696 594 1748 quam
639 1685 826 1732 tamen
861 1680 922 1730 in
955 1686 1162 1732 memet
1200 1680 1325 1747 ipso
1371 1681 1482 1730 iam
1518 1680 1733 1745 pridem
1768 1684 2030 1745 expertus

430 1762 613 1802 eram..
667 1746 794 1799 Non
833 1748 978 1797 enim
1005 1752 1217 1799 tantum
1226 1783 1242 1810 ,
1282 1763 1405 1798 cum
1431 1747 1605 1798 multa
1627 1761 1663 1796 a
1684 1760 1772 1796 me
1800 1751 2033 1811 accepta

427 1829 531 1880 pro
553 1815 669 1864 suis
687 1813 1055 1878 publicasset,
1079 1815 1229 1864 ultro
1250 1819 1587 1879 conquestus
1606 1817 1719 1874 est,
1751 1827 1854 1863 sua
1870 1811 1975 1862 sibi
1996 1825 2033 1862 a

428 1893 518 1930 me
542 1879 806 1943 subrepta
824 1892 977 1940 esse3
1013 1879 1116 1930 sed
1136 1880 1305 1928 etiam
1352 1876 1528 1942 (vid'e,
1550 1893 1759 1946 quaeso
1777 1883 1857 1940 te,
1876 1879 2030 1929 inau-

431 1945 606 1995 ditum
621 1943 998 2009 improbitatis
1006 1947 1232 2009 genus,)
1248 1960 1373 1995 cum
1391 1945 1705 1996 admonitus
1726 1950 1878 1995 esset
1896 1959 2030 1995 ame

433 2011 502 2062 de
521 2010 664 2060 locis
685 2007 1010 2076 quibusdam
1033 2009 1385 2072 Horatianis,
1412 2026 1551 2075 quos
1570 2013 1655 2062 ita
1670 2011 1841 2062 stulte
1860 2012 2031 2061 inter-

429 2081 681 2144 pretatus
730 2074 943 2135 fuerat,
979 2080 1044 2125 ut
1080 2075 1335 2126 omnibus
1374 2076 1607 2128 eruditis
1647 2077 1851 2129 debere
1888 2075 2029 2127 ludi-

427 2141 703 2203 brium**)
738 2139 1042 2190 videreturz
1081 2154 1195 2190 non
1222 2145 1312 2191 est
1337 2142 1551 2194 veritus
1588 2143 1775 2196 dicere
1802 2157 1867 2193 ac
1894 2142 2027 2193 scri-

429 2211 590 2270 bere,
622 2220 744 2256 eam
768 2205 946 2271 ipsam
965 2207 1322 2270 sententiam,
1348 2222 1383 2258 a
1402 2224 1511 2277 qua
1527 2210 1648 2276 ipse
1667 2209 1883 2260 monitu
1899 2223 2026 2260 meo

432 2277 795 2334 discesserat,
814 2286 990 2324 meam
1010 2272 1213 2336 fuisse,
1250 2289 1449 2342 meque
1472 2282 1535 2328 ut
1550 2277 1703 2328 illius
1722 2281 2026 2338 auctorem,

431 2341 716 2407 exagitare
735 2339 933 2390 iisdem
952 2339 1068 2392 illis
1088 2345 1456 2408 argumentis,
1478 2357 1619 2410 quae
1641 2357 1674 2391 a
1690 2356 1777 2392 me
1798 2355 2025 2408 accepe-

429 2415 534 2459 rat.
607 2405 750 2468 Quid
783 2408 1057 2459 eiusmodi
1083 2406 1298 2460 homini
1329 2407 1531 2471 facias,
1560 2413 1655 2458 aut
1675 2407 1806 2473 quid
1826 2408 1894 2458 ad
1915 2413 2029 2458 tam

430 2475 705 2540 insignem
746 2474 1143 2542 impudentiam
1186 2473 1319 2526 addi
1362 2489 1531 2544 posse
1574 2473 1880 2526 arbitrere}
1916 2471 2029 2525 Sed

491 2561 534 2616 ·)
565 2561 790 2603 Lambini.

485 2617 547 2672 ⁸⁸²)
579 2616 652 2658 ef.
674 2615 787 2658 Hor.
809 2615 958 2660 cnrm.
979 2620 1018 2659 1.
1042 2619 1106 2659 14.
1127 2617 1196 2662 15.
