2275 3025
453 194 580 247 1¹12·
986 192 1064 243 Μ.
1100 191 1165 242 A.
1200 159 1525 243 inmuni

451 293 673 360 quidem
691 291 798 343 tibi
811 290 1125 347 communia
1144 306 1266 341 cum
1286 292 1495 351 multis,
1508 289 1671 342 huius
1687 292 2063 358 tuaquodam-

449 361 618 412 modo
638 359 869 425 propria
895 359 1188 424 possessio
1217 358 1491 409 videatur.
1565 358 1675 410 Sed
1696 366 1879 409 tamen
1896 398 1910 421 ,
1934 363 2067 429 quia

453 442 556 479 nos
585 441 808 493 quoque
837 440 1020 492 neque
1049 440 1287 493 unquam
1319 426 1488 477 alieni
1514 440 1550 475 a
1575 424 1940 492 philosophia
1958 427 2066 479 fui-

449 510 599 555 mus,
622 500 680 543 et
701 508 845 543 nunc
869 494 1126 552 maxime,
1149 492 1239 541 vel
1257 492 1546 543 voluntate
1575 500 1770 543 nostra
1790 493 1880 543 vel
1896 496 2067 545 rebus

451 564 532 611 ita
551 560 890 621 ferentibus,
926 556 1418 625 philosophamur3
1440 574 1583 625 quae
1605 560 1766 610 nobis
1789 558 1894 609 bac
1917 561 1985 611 de
2008 576 2069 611 re

456 628 836 695 cogitantibus
866 624 1167 675 veniebant
1189 626 1537 687 intmentem,
1578 641 1645 676 ea
1680 625 1930 694 breviter
1961 626 2070 677 hoc

454 696 584 747 loco
618 700 674 744 et
711 693 949 743 strictim
988 692 1318 761 aperiemus.
1395 692 1669 753 Quoniam
1688 694 1888 760 igitur,
1928 709 2071 761 quae

453 759 737 812 naturalia
757 764 909 817 sunt,
941 759 998 807 in
1017 763 1141 807 toto
1161 772 1369 825 genere
1390 766 1541 819 sunt,
1586 767 1643 810 et
1660 759 1802 810 haec
1820 761 1955 811 boni
1978 776 2073 829 ap·

451 828 655 895 petitio
679 825 950 876 naturalis
973 830 1082 875 est:
1113 826 1193 886 fit,
1216 826 1422 875 nullius
1440 832 1505 876 ut
1526 825 1765 877 hominis
1786 828 1868 877 ita
1886 828 1962 877 sit
1978 826 2073 877 de-

454 899 718 961 pravatus
740 893 976 954 animus,
999 892 1129 959 quin
1152 892 1242 941 vel
1264 892 1427 954 adid,
1452 895 1601 959 quod
1620 894 1826 955 bonum
1850 900 1959 955 est,
1983 894 2075 944 vel

459 960 530 1011 ad
550 960 637 1023 id,
661 960 810 1026 quod
833 959 953 1027 ipse
972 958 1181 1009 bonum
1200 965 1384 1025 putat,
1409 960 1649 1011 consilia
1671 961 2073 1028 cogitationes-

458 1039 565 1096 que
587 1042 780 1078 omnes
803 1027 1011 1094 dirigat
1035 1041 1182 1077 suas.
1258 1026 1471 1087 Quibus
1494 1033 1679 1078 autem
1698 1027 2076 1093 impediuntur

458 1095 711 1163 plerique
741 1110 775 1144 a
801 1108 1125 1161 magnarum
1156 1094 1676 1160 praeclararumque
1718 1108 1903 1144 rerum
1942 1094 2073 1145 ade·

456 1163 670 1231 ptione‚
691 1177 759 1213 ea
780 1167 1020 1228 quatuor
1038 1160 1159 1211 fere
1182 1174 1307 1211 esse
1328 1160 1724 1212 animadverto.
1795 1161 1901 1211 Alii
1927 1163 2076 1211 enim

458 1228 674 1281 iudicio>
712 1229 998 1289 labuntur,
1058 1227 1227 1294 idque
1267 1228 1591 1295 dupliciter3
1646 1233 1711 1277 ut
1750 1234 1848 1277 aut
1884 1228 2073 1293 pravis

459 1296 817 1361 opinionibus
837 1293 1112 1359 impediti,
1124 1295 1714 1359 praetermissisrebus
1734 1309 1866 1345 vere
1884 1294 2072 1355 bonis,

456 1362 654 1412 inanes
676 1362 942 1427 quasdam
980 1360 1273 1427 minusque
1308 1358 1625 1411 fructuosas
1656 1361 2072 1428 amplexentur3

459 1434 580 1490 aut,
608 1441 731 1478 cum
751 1434 904 1477 recte
927 1427 1251 1488 statuerint,
1289 1428 1420 1493 quid
1442 1429 1601 1495 sequi
1643 1428 1905 1489 debeant,
1946 1428 2074 1479 aliis

459 1503 645 1546 tamen
664 1493 753 1562 id,
795 1508 958 1561 quam
987 1493 1187 1559 quibus
1218 1500 1472 1560 oportet,
1512 1496 2079 1575 quaererexinsistant

459 1563 590 1614 viis:
634 1562 732 1612 alii
764 1563 1134 1613 constantiam
1161 1570 1751 1629 perseverantiamque
1790 1577 1901 1613 non
1941 1562 2074 1614 reti-

462 1635 620 1692 nent,
662 1628 761 1680 sed
783 1645 905 1680 cum
930 1635 987 1679 et
1006 1628 1075 1678 ad
1098 1643 1191 1690 ea,
1236 1643 1376 1696 quae
1400 1629 1548 1680 bona
1569 1635 1725 1690 sunt,
1764 1630 1931 1681 initio
1960 1631 2073 1680 ani-

460 1714 608 1750 mum
626 1697 964 1758 adiecerint,
988 1702 1046 1747 et
1065 1711 1162 1746 eas
1182 1697 1423 1763 ingressi
1446 1697 1558 1746 sint
1577 1699 1721 1758 vias,
1752 1711 1893 1762 quae
1908 1732 1922 1756 ,
1963 1710 2073 1763 quo

455 1767 567 1832 ipsi
588 1765 844 1825 tendunt,
868 1764 1078 1826 ferant,
1107 1770 1310 1831 postea
1326 1770 1510 1814 tamen
1532 1763 1622 1813 vel
1642 1763 1969 1814 difficultate
1990 1777 2076 1812 re-

461 1847 584 1882 rum
612 1832 864 1882 deterriti
895 1831 986 1880 vel
1019 1846 1122 1881 sua
1155 1831 1387 1882 levitate
1419 1830 1701 1891 distracti,
1744 1835 2076 1880 convertun-

459 1905 552 1948 tur
575 1897 686 1946 alio
703 1932 718 1957 ‚
759 1903 818 1947 et
836 1898 928 1947 vel
945 1897 1206 1962 ignaviae
1228 1913 1355 1948 sese
1378 1898 1536 1958 dant,
1576 1899 1664 1946 vel
1694 1903 1847 1946 certe
1872 1909 2075 1964 urgere

459 1963 543 2024 id,
579 1962 727 2027 quod
749 1963 1022 2026 principio
1045 1963 1154 2014 sibi
1175 1969 1608 2028 proposuerant,
1650 1963 1934 2014 desinunt:
1977 1962 2077 2014 alii

461 2029 728 2094 denique,
773 2044 935 2094 quum
961 2034 1016 2078 et
1035 2043 1167 2078 vere
1188 2029 1463 2092 iudicent,
1506 2035 1563 2080 et
1582 2032 1719 2081 satis
1750 2036 2077 2094 constanter

458 2099 517 2146 in
539 2110 606 2146 eo
630 2094 777 2160 quod
795 2095 1116 2156 instituere,
1162 2096 1525 2162 pertendant,
1548 2097 1751 2148 virium
1770 2103 1955 2146 tamen
1977 2099 2073 2146 im·

458 2162 770 2216 becillitate
805 2168 862 2212 et
887 2162 1080 2227 inopia
1101 2163 1370 2228 consequi
1403 2177 1493 2225 ea,
1536 2178 1677 2229 quae
1705 2162 1923 2222 volunt,
1960 2177 2075 2214 uon

461 2234 687 2297 queunt.
711 2281 718 2283 λ
746 2229 960 2279 Harum
981 2229 1223 2279 omnium
1245 2243 1427 2279 rerum
1449 2231 1711 2296 graviora
1730 2231 1987 2297 exempla
2005 2243 2077 2280 ex

462 2299 716 2349 omnibus
739 2293 886 2347 vitae
910 2297 1161 2363 partibus
1182 2310 1401 2347 sumere
1425 2301 1537 2359 est3
1578 2295 1811 2364 sed,ego
1834 2311 1979 2346 nunc
2006 2295 2072 2345 il·

456 2364 557 2415 ‘lud
579 2378 869 2430 exponam,
898 2363 1046 2430 quod
1071 2378 1159 2412 me
1182 2362 1289 2414 hoc
1318 2369 1570 2429 tempore
1600 2365 1659 2413 in
1688 2361 1833 2414 hanc
1860 2363 2072 2428 cogita-

460 2431 667 2481 tionem
692 2429 939 2489 deduxit,
963 2435 1025 2478 ut
1043 2429 1100 2478 in
1123 2443 1191 2478 eo
1216 2430 1547 2493 explicando
1572 2429 1641 2478 ad
1660 2431 1739 2490 id,
1765 2429 1914 2495 quod
1934 2427 2073 2480 mihi

457 2499 681 2563 proprie
705 2493 1051 2563 propositum
1074 2502 1179 2554 est,
1201 2511 1325 2544 mea
1343 2495 1610 2561 paulatim
1633 2494 1929 2545 delabatur
1950 2510 2073 2546 ora-

457 2563 559 2612 tio.
633 2563 767 2611 Cum
785 2563 938 2611 'enim
968 2575 1206 2621 mecum,
1248 2560 1508 2621 Suriane,
1550 2561 1605 2610 in
1636 2562 1819 2610 animo
1848 2567 2072 2627 reput0,

459 2630 555 2693 qui
575 2628 689 2689 fiat,
713 2634 773 2677 ut
801 2625 904 2676 hac
933 2632 1264 2692 tempestate
1292 2633 1403 2676 tam
1425 2626 1585 2692 pauci
1608 2629 1737 2687 sint,
1758 2627 1814 2676 in
1838 2640 2075 2692 quorum

459 2701 557 2746 aut
575 2702 831 2744 sermone
855 2700 951 2742 aut
970 2692 1194 2756 scriptis
1215 2692 1384 2745 liceat
1403 2693 1702 2758 imaginem
1714 2691 1959 2758 aliquam
1980 2709 2073 2744 an·
