2275 3025
381 151 483 204 258
913 145 991 198 M.
1030 146 1096 198 A.
1127 147 1244 198 ΜΠ
1254 143 1449 198 ΒΕΤῙ

383 248 631 301 scribere
671 244 882 297 audeo:
933 245 1041 296 tibi
1088 253 1292 307 autem,
1334 247 1427 312 qui
1461 244 1617 311 prior
1656 241 1986 309 scripseras,

381 317 536 432 &riti-s
548 313 900 430 lfeffqnderi
942 327 1176 380 aequum
1215 312 1341 363 fuit.
1416 310 1575 362 Vale.
1630 307 1783 360 Prid.
1837 307 1984 359 Non.

435 395 467 431 e
596 394 630 429 a
688 393 798 429 vio.

951 623 1150 692 XLII.
1190 653 1429 691 monn.

458 724 640 808 Vere
659 755 895 818 iudicas,
931 754 1074 806 nihil
1091 756 1403 808 detractum
1424 771 1551 808 esse
1570 759 1641 808 de
1677 763 1868 808 vetere
1888 756 1991 808 illa

390 829 584 876 nostra
604 823 995 878 coniunctione
1014 830 1245 888 propter
1283 825 1593 874 diuturnam
1626 824 1993 874 intermissio·

391 904 518 941 nem
537 889 864 939 litterarum.
897 887 1092 956 Neque
1115 890 1261 940 enim
1282 905 1521 957 unquam
1542 890 1685 940 desii
1706 904 1891 940 amare
1909 896 1988 950 te,

394 956 464 1007 de
502 962 558 1006 te
599 955 850 1006 studiose
893 971 965 1008 ex
1002 953 1283 1016 omnibus,
1340 958 1435 1023 qui
1474 957 1639 1006 istinc
1676 957 1991 1017 veniebant,

394 1023 682 1091 quaerere,
705 1023 970 1089 gaudere,
1009 1037 1131 1072 eum
1152 1022 1401 1074 audirem
1421 1037 1505 1084 ea,
1526 1038 1668 1089 quae
1704 1021 1991 1089 cupiebam

395 1103 648 1157 quaeque
668 1089 984 1156 sperabam;
1023 1103 1204 1155 neque
1234 1105 1473 1156 unquam
1494 1090 1759 1150 dubitavi,
1781 1089 1912 1155 quin
1929 1094 1991 1138 tu

397 1157 596 1208 eodem
611 1169 830 1220 semper
853 1170 988 1222 erga
1007 1170 1095 1205 me
1115 1156 1300 1206 animo
1323 1170 1496 1207 esses.
1566 1156 1760 1221 ltaque
1794 1155 1993 1222 gratis·
2012 1183 2023 1188 -

396 1225 570 1273 simae
589 1220 728 1272 mihi
746 1222 969 1275 fuerunt
984 1222 1205 1271 litterae
1226 1228 1383 1283 tuae,
1405 1227 1673 1288 eruntque
1696 1236 1767 1272 eo
1786 1223 1994 1288 gratio·

396 1302 508 1349 res,
584 1303 656 1337 uo
693 1287 1025 1347 crebriores,
1063 1285 1191 1338 dum
1224 1289 1283 1338 id
1318 1289 1472 1339 nullo
1504 1295 1602 1340 tuo
1640 1286 1991 1338 incommodo

363 1397 366 1400 Α
398 1353 512 1404 fiat.
606 1367 876 1418 uanquam
900 1354 1046 1402 enim
1066 1367 1321 1419 magnam
1342 1369 1414 1405 ex
1433 1369 1621 1407 earum
1638 1354 1881 1405 lectione
1898 1367 1994 1403 vo-

398 1420 665 1486 luptatem
687 1421 924 1484 capiam,
963 1420 1233 1469 maiorem
1253 1426 1437 1480 tamen
1461 1437 1496 1472 a
1520 1429 1577 1472 te
1600 1421 1877 1472 commodi
1893 1420 1994 1481 tui,

401 1491 564 1555 quam
585 1484 888 1550 voluptatis
927 1499 1086 1537 meae
1125 1487 1401 1539 rationem
1421 1485 1615 1539 haberi
1651 1488 1801 1539 volo.
1837 1487 1995 1539 Ioan-

399 1568 525 1605 nem
544 1550 927 1605 Bissonerium
957 1555 1040 1603 ita
1075 1555 1327 1605 amabam
1356 1556 1545 1607 multis
1581 1556 1914 1616 nominibus,
1934 1557 1999 1602 ut

400 1622 496 1671 vix
514 1625 760 1687 putarem
781 1620 850 1669 ad
872 1636 993 1671 eam
1013 1621 1372 1684 voluntatem,
1396 1636 1505 1688 qua
1542 1623 1653 1673 iam
1692 1636 1819 1672 eum
1854 1634 2000 1677 com·

401 1688 601 1753 plexus
624 1700 793 1749 eram,
829 1686 998 1738 ullam
1033 1688 1413 1739 accessionem
1438 1704 1605 1755 posse
1644 1689 1785 1739 fieri.
1856 1687 1998 1735 Tan·

401 1764 521 1805 tum
551 1761 740 1804 tamen
772 1755 1014 1805 accessit
1053 1755 1533 1805 commendatione
1567 1762 1683 1816 tua,
1739 1760 2000 1820 quantum

405 1835 682 1885 nunquam
703 1820 1058 1885 cogitassem.
1117 1820 1312 1888 Neque
1342 1820 1477 1871 mihi
1502 1821 1795 1888 quidquam
1832 1818 2002 1869 mole·

409 1888 568 1945 sitias,
606 1899 766 1950 quam
787 1886 936 1949 quod
958 1884 1078 1937 eius
1099 1888 1503 1938 consuetudine
1524 1888 1678 1938 brevi
1702 1886 2001 1937 cariturum

406 1964 496 2001 me
515 1948 699 1999 video.
772 1950 996 2015 Cogitat
1017 1954 1163 2001 enim
1180 1954 1509 2016 Bononiam,
1529 1960 1591 2004 ut
1604 1954 1725 2004 illic
1746 1967 1807 2003 se
1826 1955 2003 2001 totum

413 2014 582 2066 dedat
603 2014 787 2065 studio
808 2015 946 2065 iuris
968 2017 1167 2067 civilis.
1238 2018 1364 2083 Ego
1402 2035 1525 2072 eum
1558 2020 1812 2085 sigonio,
1848 2019 2005 2068 Ama·

411 2096 566 2143 saeo,
589 2081 792 2131 ceteris
816 2082 1026 2132 ordinis
1041 2084 1153 2133 mei
1172 2082 1506 2147 hominibus,
1530 2085 1600 2136 de
1618 2085 1850 2136 meliore
1870 2088 2009 2133 nota

413 2146 830 2199 commendabo.
901 2148 990 2198 Tu
1007 2164 1249 2214 quoque,
1290 2153 1383 2216 qui
1404 2152 1609 2202 multos
1644 2152 1763 2201 illie
1788 2154 2006 2200 veteres

415 2216 624 2267 amicos
647 2213 838 2275 habes,
867 2214 916 2264 si
953 2214 1100 2265 idem
1138 2216 1363 2278 feceris,
1384 2217 1465 2280 id,
1496 2218 1647 2283 quod
1686 2216 1915 2283 ingenio
1952 2218 2009 2263 et

415 2281 804 2333 consuetudini
843 2287 970 2332 tuae
1014 2289 1445 2334 consentaneum
1491 2290 1603 2345 est,
1652 2282 1876 2333 feceris.
1948 2278 2005 2330 Si

415 2348 548 2411 quid
569 2353 674 2407 est,
693 2346 843 2413 quod
865 2346 954 2398 hic
975 2363 1008 2399 a
1025 2363 1113 2398 me
1135 2354 1231 2397 aut
1254 2350 1356 2397 tibi
1379 2357 1475 2399 aut
1511 2356 1731 2400 tuorum
1756 2349 2009 2413 cuiquam

417 2413 597 2461 curari
615 2413 773 2473 velis,
794 2427 1001 2478 quaeso
1023 2421 1098 2475 te,
1132 2420 1194 2463 ut
1212 2414 1374 2479 plane
1409 2414 1745 2479 persuadeas
1764 2415 1887 2473 tibi,
1923 2425 2011 2461 me

417 2478 603 2525 omnia
623 2492 790 2527 causa
805 2484 905 2529 tua
923 2494 1141 2545 semper
1176 2481 1527 2546 cupidissime
1560 2478 2011 2545 diligentissime-

419 2553 526 2601 que
549 2539 840 2593 facturum.
910 2544 1069 2597 Vale.
1103 2546 1299 2597 Roma.
1334 2560 1415 2597 vt.
1454 2546 1536 2597 ld.
1568 2544 1791 2611 Aprilis.
