2275 3025
423 202 522 252 342
962 202 1039 252 M.
1075 203 1137 253 A.
1173 199 1496 252 MURETI

426 299 635 352 clesiae
656 299 827 352 Petro
850 302 1202 368 potissimum
1226 301 1526 362 mandavit,
1565 301 1830 353 Ioannem
1851 303 2040 356 adhuc

426 367 843 419 adolescentem
877 384 943 418 ac
978 383 1154 436 paene
1185 383 1414 434 puerum
1447 367 1642 420 fuisse.
1715 369 1827 420 Vix
1848 378 2038 422 ¹autem

428 439 532 493 est,
554 441 614 485 ut
634 449 810 500 paene
832 450 1057 501 puerum
1079 449 1208 485 esse
1228 435 1504 495 dieamus,
1526 437 1618 501 qui
1640 437 1873 502 triginta
1893 437 2036 490 duos

429 501 741 566 expleverit
760 516 952 552 annos.
1024 501 1368 567 Hippolytus
1392 500 1545 566 Papa
1566 509 1786 552 centum
1807 517 1911 554 sex
1942 518 2038 554 an-

426 580 531 620 nos
568 581 694 618 eum
733 567 941 618 vixisse
979 569 1168 620 tradit.
1259 567 1506 617 Isidorus
1546 567 1900 634 Hispalensis
1937 571 2038 632 ait,

430 647 556 684 enm
580 640 861 684 mortuum
884 649 1028 686 anno
1058 640 1188 699 post
1213 632 1417 682 Christi
1450 633 1660 684 obitum
1687 637 2038 702 septuagesi-

427 713 519 750 mo
559 701 871 766 septimo.*)
942 701 1078 752 Cum
1119 713 1229 766 quo
1266 703 1314 750 si
1337 699 1685 750 Genebrardi
1714 702 2034 766 opinionem

428 766 498 817 de
519 766 673 817 illius
694 773 881 816 aetate
903 767 1236 833 coniungas,
1261 766 1544 832 oportebit
1567 781 1690 816 eum
1711 769 1922 818 vixisse
1941 783 2034 820 an-

426 847 532 882 nos
571 839 791 884 eentum
834 847 1047 884 novem.
1122 833 1346 892 Quaeso
1369 839 1444 893 te,
1467 833 1645 883 viden’
1669 841 1872 900 quanta
1894 833 2034 884 haec

424 899 668 950 varietas
690 899 791 950 sit?
816 900 884 949 Et
904 897 958 948 hi
978 905 1162 950 tamen
1185 913 1375 949 omnes
1397 913 1507 948 non
1531 900 1600 950 de
1620 907 1819 960 morte,
1840 900 1940 950 sed
1964 902 2034 951 de

426 967 625 1018 mortis
655 971 908 1033 tempore
938 973 997 1016 et
1027 965 1097 1016 de
1128 965 1278 1016 vitae
1307 965 1658 1030 longitudine
1681 965 2032 1018 dissentiunt.

428 1031 551 1100 Ego
574 1039 759 1084 autem
781 1033 849 1084 ab
869 1033 940 1082 iis
963 1033 1219 1084 omnibus
1251 1031 1588 1082 dissentiens
1630 1035 1838 1083 vixisse
1875 1033 2036 1084 illum

430 1106 651 1152 centum
673 1100 868 1166 viginti
890 1114 1085 1160 annos,
1105 1104 1165 1148 et
1185 1097 1287 1148 sub
1307 1096 1619 1158 Hadriano,
1643 1115 1750 1148 non
1773 1099 1877 1149 sub
1898 1101 2035 1150 Tra·

428 1167 586 1230 iano,
629 1176 910 1218 mortuum
948 1181 1073 1216 esse
1096 1165 1355 1215 arbitror.
1427 1162 1489 1214 ln
1519 1179 1628 1228 quo
1650 1179 1792 1230 quos
1814 1179 2038 1230 sequar.

428 1233 574 1283 vide.
644 1233 801 1298 Apud
822 1233 1131 1284 Marianum
1154 1231 1382 1282 Scotum
1399 1233 1482 1280 ita
1499 1231 1606 1280 scri
1615 1237 1762 1296 ptum
1785 1233 2034 1297 reperio:

428 1297 685 1350 Irenaeus
707 1299 1006 1374 Episcopus
1026 1297 1231 1358 scribit,
1255 1297 1512 1348 Ioannem
1523 1296 1931 1364 Evangeh'stam
1945 1315 2035 1350 ›ns-

433 1379 533 1430 que
551 1365 627 1414 ai!
641 1363 916 1414 Hadriam
940 1373 1181 1428 tempora
1191 1362 1650 1428 permansisse.**)
1721 1365 1944 1424 Quanta
1961 1366 2038 1416 sit

429 1431 651 1480 lrenaei
668 1431 993 1489 auctoritas,
1024 1430 1201 1489 vides,
1240 1431 1411 1496 quiet
1431 1431 1725 1480 sanctitate
1751 1438 1810 1481 et
1826 1438 2036 1499 tempo·

430 1509 494 1549 re
512 1495 799 1559 Apostolis
822 1495 1105 1562 proximus
1126 1494 1252 1547 fuit.
1305 1497 1376 1547 At
1396 1495 1564 1548 hodie
1583 1497 1731 1563 apud
1751 1498 2038 1549 Irenaeum

438 1560 687 1618 Traiani.
710 1578 820 1615 non
840 1561 1135 1624 Hadriani,
1158 1578 1358 1615 nomen
1379 1564 1717 1630 legitur.***)
1792 1565 2038 1617 Primum

434 1633 558 1685 fieri
577 1638 785 1699 potest,
805 1639 869 1683 ut
885 1632 967 1683 ita
984 1632 1284 1682 mutaverit
1303 1631 1612 1697 quisquam,
1632 1632 1725 1697 qui
1748 1632 2036 1683 Irenaeum

432 1715 558 1751 eum
588 1699 680 1751 vul
724 1706 817 1749 ata
847 1698 1111 1767 opinione
1137 1698 1485 1748 concordare·
1509 1712 1578 1747 ac
1606 1699 1904 1749 concinere
1923 1700 2037 1749 vel-

428 1768 529 1821 let.
598 1768 670 1818 At
686 1715 1007 1819 quius-‚ianam
1044 1764 1348 1815 verisimile
1387 1771 1474 1814 est
1507 1764 1742 1815 meliore
1768 1766 1958 1833 aliquo
1981 1772 2040 1815 et

430 1834 741 1885 vetustiore
764 1834 962 1883 codiee
986 1847 1140 1883 usum
1178 1845 1321 1891 esse,
1360 1830 1603 1881 nondum
1645 1840 1871 1897 reperta
1907 1846 2038 1883 con-

433 1898 727 1949 suetudine
750 1897 869 1959 hac,
930 1913 1033 1949 uae
1054 1913 1199 1948 nunc
1216 1897 1772 1963 invaluit,ingeniose
1793 1911 2039 1949 corr-um·

429 1964 601 2031 pendi
642 1963 837 2013 libros.
876 1998 882 2002 -
960 1978 1148 2014 ossum
1190 1964 1356 2015 etiam
1393 1964 1735 2029 respondere
1753 2001 1768 2025 ,
1807 1964 2040 2015 Traiani

433 2030 655 2081 nomine
665 2028 1004 2082 Hadrianum
1017 2044 1238 2097 quoque
1252 2046 1408 2079 usum
1429 2037 1650 2091 esse‚ut
1671 2029 2040 2082 etTraianum

433 2095 669 2157 Nervae,
688 2103 914 2162 propter
935 2097 1314 2161 adoptionem.
1365 2096 1458 2147 Sic
1480 2096 1782 2161 aliquoties
1803 2098 1858 2147 in
1879 2097 2040 2149 libris

434 2163 579 2213 luris
602 2163 803 2213 Civilis
826 2165 1047 2213 nomine
1072 2162 1342 2213 Hadriani
1372 2168 1592 2213 constat
1613 2163 2044 2230 intelligendum

436 2245 562 2281 esse
581 2230 935 2281 Antoninum.
991 2228 1304 2279 confirmor
1321 2230 1378 2279 in
1401 2230 1696 2291 sententia,
1721 2230 1870 2295 quod
1893 2230 2044 2295 apud

436 2297 832 2347 oecumenium
845 2296 979 2358 ****)
1019 2296 1242 2361 reperio
1271 2295 1530 2348 loannem
1568 2310 1678 2345 non
1721 2311 1756 2345 a
1794 2296 2044 2346 Traiano

434 2362 1011 2425 1·evoeatun1,aNerva
1032 2377 1154 2412 cum
1175 2362 1292 2411 rele
1336 2368 1458 2411 atus
1480 2368 1648 2421 esset,
1662 2368 1724 2411 ut
1744 2363 1910 2428 vulgo
1933 2369 2048 2411 tra-

438 2430 605 2491 ditur,
646 2429 747 2479 sed
771 2443 805 2479 a
822 2430 1065 2481 Traiano
1088 2430 1212 2495 ipso
1235 2429 1292 2478 in
1361 2426 1605 2478 athmum
1623 2428 1935 2495 relegatum
1956 2442 2047 2478 es-

490 2547 533 2595 ⁸)
566 2543 638 2583 De
655 2544 753 2584 vita
768 2546 816 2583 et
837 2548 977 2584 morte
999 2542 1202 2584 Sanctor.
1233 2545 1300 2583 72.

493 2598 554 2647 ⁸⁸)
584 2596 695 2638 viu.
718 2597 890 2638 Pistor.
918 2593 1141 2650 Scriptum
1175 2609 1263 2637 rer.
1285 2597 1542 2639 Germanic.
1562 2596 1624 2638 Τ.
1645 2596 1684 2639 1.
1703 2597 1857 2641 Struv.
1874 2610 1923 2653 p.
1945 2600 2051 2643 ³⁶4.

496 2651 577 2700 ····)
605 2647 669 2689 11.
690 2662 730 2690 c.
748 2648 873 2690 haer.
894 2664 931 2692 c.
952 2656 1020 2691 22.
1043 2654 1083 2691 5.

492 2705 599 2757 ⁸·*·)
628 2703 823 2757 Operum
842 2702 903 2745 Τ.
924 2704 961 2745 1.
983 2706 1055 2746 ed.
1077 2704 1224 2745 Paris.
1245 2716 1292 2758 p.
1318 2708 1355 2748 1.
