2275 3025
589 113 843 166 EPIST.
881 111 1151 165 Lm..11.
1189 113 1311 165 ΕΡ.
1347 113 1506 166 XIV.
1752 115 1848 166 185

257 216 375 266 lere
396 251 413 278 ‚
452 214 705 265 omnibus
724 212 905 262 modis
928 225 1125 262 ornare
1150 247 1165 274 ,
1209 213 1355 261 omni
1384 214 1621 280 denique
1683 230 1850 266 enere

295 280 691 332 medicationis
730 277 1125 329 celeberrimos
1164 277 1384 327 efficere
1432 287 1633 328 conten
1675 287 1849 332 erent.

258 386 261 388 v
313 348 518 398 ivinum
538 347 686 396 enim
703 345 928 403 bonum,
966 349 1029 392 ut
1065 358 1099 392 a
1137 341 1396 404 Platone,
1439 344 1668 410 eiusque
1689 347 1853 396 disci-

258 412 391 479 pulo
410 410 716 462 Aristotele
739 409 1071 473 accepimus,
1094 406 1274 458 honor
1301 415 1412 469 est3
1452 410 1668 476 deoque
1689 411 1852 462 idcir-

261 492 327 528 co
349 480 583 545 primum
604 491 729 526 eum
747 475 992 525 tribuere
1014 473 1240 540 oportet
1257 473 1382 541 ipsi,
1408 481 1520 526 tum
1539 476 1630 536 iis,
1659 477 1716 525 in
1739 477 1854 541 qui-

259 544 363 594 bus
384 543 573 609 aliqua
610 541 829 591 divinae
866 547 1093 591 naturae
1132 555 1400 607 expressa
1443 542 1628 592 elucet
1662 543 1854 593 simili-

260 609 419 660 tudo·
491 607 683 673 Neque
704 621 836 657 vero
857 607 1212 658 dubitandum
1235 614 1346 671 est,
1369 607 1498 674 quin
1519 609 1654 658 deus
1677 608 1854 674 gravi·

262 681 371 735 ter,
394 679 454 723 ut
471 673 550 722 ita
568 673 797 724 dixerim
812 709 827 734 ,
870 673 1034 735 ferat,
1074 689 1195 724 cum
1217 680 1311 724 a'ut
1330 674 1418 724 sui
1437 674 1738 725 dissimiles
1759 672 1857 724 ho-

268 752 403 789 nore
434 740 603 800 affici,
624 745 719 789 aut
738 739 1009 789 similibus
1042 738 1311 789 honorem
1338 741 1594 790 meritum
1623 755 1734 790 non
1765 740 1857 790 de·

265 804 400 857 ferri
421 805 601 855 videta
644 819 751 871 qua
783 805 840 854 in
879 819 941 855 re
968 819 1067 870 par
1102 805 1264 870 culpa
1299 810 1386 856 est
1417 806 1765 857 adulatorum
1799 811 1860 856 et
1879 821 1920 859 η

265 886 475 933 eorum,
516 871 608 936 qui
642 871 920 938 cognitam
958 871 1175 921 alienae
1211 871 1434 922 virtutis
1461 873 1856 937 praestantiam

262 938 485 988 silentio
508 943 717 1004 tegunt.
788 938 925 987 Cum
945 945 1127 987 autem
1150 936 1326 987 omnis
1345 937 1520 987 virtus
1547 938 1858 990 laudabiles

261 1004 636 1070 amabilesque
654 1003 794 1054 facit
808 1003 993 1064 eos,in
1004 1003 1202 1069 quibus
1224 1007 1449 1064 est‚tum
1466 1004 1858 1069 eapraecipue,

264 1084 405 1136 quae
426 1069 579 1120 sonas
617 1075 769 1146 patet
804 1070 1162 1135 proiectaque
1202 1074 1288 1118 est
1307 1103 1322 1129 ‚
1361 1073 1642 1135 totamque
1687 1084 1748 1120 se
1787 1070 1858 1121 ad

264 1135 477 1186 alienas
516 1135 785 1185 utilitates
824 1134 1084 1200 porrigit:
1124 1149 1232 1200 quo
1268 1134 1326 1184 in
1353 1148 1557 1201 genere
1588 1136 1857 1188 iustitiam

260 1201 513 1267 inprimis
566 1199 1067 1266 liberalitatemque
1116 1215 1182 1250 ac
1228 1200 1651 1253 beneficentiam
1702 1203 1862 1269 poni-

261 1283 402 1319 mus.
473 1266 685 1327 Quibus
706 1273 765 1317 tu
786 1282 907 1317 cum
928 1281 1145 1334 semper
1163 1269 1244 1317 ita
1263 1265 1545 1328 ssorueris,
1559 1275 1620 1319 ut
1638 1284 1857 1322 omnem

262 1335 499 1401 gratiam
534 1340 699 1399 atque
736 1333 1122 1384 auctoritatem
1163 1340 1313 1384 tuam
1351 1350 1625 1402 nunquam
1651 1351 1763 1387 non
1791 1337 1855 1386 li-

262 1401 587 1451 bentissime
609 1400 912 1451 contuleris
932 1400 1000 1450 ad
1020 1401 1290 1451 iuvandos
1311 1403 1854 1468 eos,quibusinipsis

265 1481 433 1518 causa
459 1473 609 1518 esset
634 1467 821 1534 aliqua
839 1503 855 1529 ,
895 1481 993 1517 cur
1010 1467 1185 1518 iuvari
1207 1468 1497 1519 deberentz
1527 1470 1722 1520 mirum
1741 1484 1855 1521 non

266 1539 375 1595 est,
402 1534 447 1583 si
475 1534 557 1585 ita
580 1541 637 1585 te
654 1534 966 1587 litterarum
990 1535 1190 1585 studiis
1221 1533 1430 1583 exculti
1457 1533 1708 1584 homines
1736 1550 1854 1586 cer-

260 1601 418 1663 tatim
448 1606 664 1661 ornant,
706 1607 765 1650 ut
792 1601 849 1649 in
871 1605 929 1649 te
958 1598 1235 1648 laudando
1262 1601 1541 1663 propriam
1561 1599 1666 1648 sibi
1689 1614 1853 1666 quan-

262 1666 388 1716 dam
404 1666 511 1730 ipsi
539 1666 773 1731 gloriam
795 1678 1063 1744 quaerere
1082 1664 1390 1713 videantur.
1460 1664 1758 1729 Equidem,
1785 1665 1855 1716 de

258 1746 349 1782 me
371 1736 431 1781 ut
450 1732 647 1791 dicam,
669 1745 789 1780 cum
812 1746 869 1779 in
892 1729 1077 1779 Gallia
1100 1742 1304 1787 essem,
1345 1743 1854 1796 cognosceremque

260 1796 557 1848 multorum
587 1802 643 1845 et
673 1796 877 1846 litteris
906 1801 965 1844 et
992 1794 1366 1855 sermonibus,
1385 1811 1550 1846 unum
1575 1810 1700 1848 esse
1718 1802 1777 1847 te
1797 1798 1854 1848 in

262 1862 393 1913 aula
408 1861 700 1928 principis,
742 1862 831 1926 qui
856 1868 1076 1927 praeter
1114 1867 1334 1911 ceteros
1374 1862 1850 1943 ingeniosissimo·

260 1943 382 1979 rum
414 1925 659 1993 mihique
697 1926 1274 1979 coniunctissimorum
1311 1926 1590 1979 hominum
1629 1945 1853 1982 causam

262 1994 412 2045 susci
450 2007 595 2054 eres,
634 1994 727 2073 qui
762 2008 861 2044 eos
899 1994 1046 2044 omni
1076 1994 1262 2045 studio
1284 1996 1734 2063 complecterem,
1757 1998 1854 2063 qui

263 2062 347 2111 eis
368 2074 401 2108 a
474 2061 626 2125 regis
645 2060 817 2125 ipsius
842 2061 1093 2111 notitiam
1114 2067 1212 2111 tua
1243 2063 1724 2113 commendatione
1745 2066 1855 2114 iter

262 2126 529 2192 aperires,
569 2126 816 2176 amabam
834 2133 895 2177 te
911 2128 1021 2176 iam
1040 2134 1156 2177 tum
1185 2128 1610 2192 incredibiliter3
1649 2129 1852 2196 quique

262 2192 471 2243 nullum
493 2206 525 2240 a
543 2197 598 2243 te
630 2208 864 2259 unquam
891 2192 1220 2245 beneficium
1264 2196 1621 2261 accepissem,
1662 2208 1854 2245 eorum

261 2264 465 2320 tamen,
487 2272 624 2322 quos
645 2259 910 2320 amabam,
933 2265 990 2309 et
1008 2260 1228 2311 virtutis
1247 2267 1377 2311 tuae
1399 2276 1568 2311 causa
1585 2260 1676 2310 vel
1687 2260 1855 2327 pluri-

263 2341 407 2376 mum
427 2324 527 2375 tibi
551 2324 753 2375 debere
774 2339 860 2375 me
882 2325 1206 2378 arbitrabar.
1278 2328 1468 2395 ltaque
1481 2341 1603 2377 cum
1623 2326 1853 2377 Romam

263 2392 401 2454 iens,
440 2392 498 2441 in
534 2390 684 2442 illam
723 2392 1125 2443 nobilissimam
1162 2394 1527 2459 legationem,
1565 2407 1675 2459 qua
1709 2408 1854 2444 nunc

264 2456 641 2526 fungeris,per
656 2456 796 2508 hanc
814 2458 1006 2509 urbem
1024 2459 1133 2509 iter
1152 2457 1411 2510 fecisses:
1433 2459 1527 2510 ubi
1544 2458 1774 2524 primum
1795 2464 1854 2511 te

264 2522 355 2574 hic
374 2538 498 2576 esse
518 2524 731 2587 audivi,
755 2523 895 2576 nihil
913 2526 1028 2575 anti
1067 2525 1192 2575 uius
1213 2520 1404 2587 habui,
1441 2539 1602 2591 quam
1622 2532 1683 2576 ut
1701 2532 1756 2576 te
1777 2526 1856 2574 vi-

264 2591 471 2655 derem,
504 2605 835 2659 manumque
852 2590 1007 2643 illam
1066 2590 1405 2653 macularer,
1443 2606 1604 2657 quam
1622 2590 1681 2641 in
1701 2590 1855 2641 adiu·
