2275 3025
435 144 535 196 332
964 144 1044 195 M.
1085 145 1146 197 A.
1181 142 1502 195 MURETl

434 244 809 309 gratissimum
846 256 973 294 esse
1010 245 1319 294 consuevit.
1391 243 1659 308 Cuperem
1689 241 1759 293 ad
1792 248 1851 294 te
1881 244 2060 309 plura

436 310 715 363 scriberet
758 310 860 360 sed
892 311 1043 360 nosti
1079 311 1478 376 occupationes
1501 323 1671 359 meas.
1743 310 1833 359 Tu
1875 313 1925 361 si
1975 312 2058 362 ad

437 392 523 427 me
546 376 615 425 de
636 382 759 426 toto
780 390 965 427 rerum
984 383 1202 427 tuarum
1223 381 1374 426 statu
1392 412 1407 437 ,
1445 372 1597 442 quod
1623 376 1922 426 commodo
1945 383 2057 429 tuo

439 442 560 504 liat,
605 457 767 509 quam
788 442 1114 509 saepissime
1133 442 1454 507 scripseris,
1494 456 1610 491 rem
1629 438 1764 490 mihi
1857 442 2056 493 atissi-

437 523 582 559 mam
649 507 873 559 feceris.
962 506 1121 559 Vale.
1189 508 1417 559 Romae.
1483 522 1574 560 nt.
1633 505 1712 557 ld.
1823 510 2054 560 ovemb.

439 581 779 628 nnnxxxiu.

822 759 1014 814 xvu.
1084 761 1318 813 ANDR.
1371 760 1652 843 AusTR.

528 856 948 895 tnnuvrmss.
987 858 1063 895 Ae
1099 856 1598 895 navantis-mss.
1638 844 1968 905 nontnn*)

514 909 735 993 Visum
774 950 861 995 est
898 957 1074 1010 nuper
1110 942 1478 995 serenissimo
1515 942 1586 1007 D,
1616 941 1684 992 N.
1725 943 2046 1009 Collegium

442 1008 836 1072 cardinalium,
857 1010 1007 1078 quod
1026 1008 1112 1060 his
1136 1010 1404 1076 proximis
1425 1010 1581 1060 annis
1602 1008 1896 1060 multorum
1919 1009 2046 1059 obi-

440 1080 503 1126 tu
523 1076 683 1127 valde
705 1076 1047 1128 imminutum
1067 1083 1216 1137 erat,
1249 1090 1456 1141 augere
1494 1082 1659 1141 atque
1698 1074 2044 1140 amplificare

443 1140 774 1207 ‘cooptandis
802 1144 857 1194 in
890 1143 1026 1194 illud
1047 1143 1236 1195 multis
1257 1142 1424 1193 elaris
1443 1156 1510 1193 ae
1529 1142 1940 1208 praestantibus
1963 1142 2044 1189 vi-

442 1207 548 1269 ris;
590 1208 747 1259 inter.
776 1225 917 1277 quos
951 1207 1087 1260 mihi
1124 1224 1376 1277 quoque,
1412 1223 1522 1259 non
1545 1214 1654 1259 tam
1675 1208 1804 1259 ullis
1823 1207 2044 1259 meritis

443 1274 583 1324 meis
622 1290 783 1353 quam
826 1273 1166 1327 humanitate
1193 1290 1297 1326 sua
1325 1282 1382 1325 et
1402 1281 1590 1325 vetere
1612 1288 1674 1324 er
1716 1289 1749 1323 a
1766 1287 1855 1323 me
1872 1273 2041 1324 bene-

442 1339 691 1389 volentia
710 1340 999 1401 adductus,
1039 1342 1224 1391 locum
1246 1355 1371 1391 esse
1393 1340 1586 1390 voluit.
1713 1342 1896 1391 avisus
1917 1356 2042 1391 sum

446 1404 643 1468 optimi
678 1419 744 1455 ae
773 1406 1172 1470 sapientissimi
1191 1406 1468 1472 Principis
1501 1412 1612 1456 tam
1639 1404 1948 1457 honorifico
1971 1406 2042 1457 de

444 1483 531 1521 me
552 1469 789 1522 iudicio:
831 1472 939 1523 etsi
961 1471 1246 1537 praeclare
1265 1473 1445 1525 intelli
1492 1487 1553 1534 o,
1593 1487 1754 1539 quam
1773 1472 1965 1524 tenuia
1986 1478 2045 1524 et

446 1537 649 1602 exigua
668 1539 871 1589 suntin
891 1552 977 1590 me
1000 1539 1203 1601 omnia,
1243 1554 1383 1605 quae
1405 1555 1438 1589 a
1496 1546 1705 1590 tantum
1727 1555 1920 1590 munus
1943 1552 2040 1605 pro

447 1604 719 1671 dignitate
760 1607 1141 1658 sustinendum
1167 1607 1539 1671 requiruntur.
1587 1604 1722 1668 *Sed
1743 1605 2043 1672 parendum

448 1677 537 1722 est
563 1672 801 1724 consilio
825 1673 964 1736 Dei,
1013 1674 1109 1738 qui
1128 1678 1192 1723 ut
1217 1687 1280 1723 sa
1316 1673 1438 1722 iens
1467 1669 1831 1734 architectus,
1874 1671 2038 1722 etiam

446 1739 767 1804 vulgaribus
807 1739 1084 1808 lapidibus
1124 1740 1271 1789 inter
1313 1755 1401 1789 um
1428 1739 1615 1787 -utitur
1649 1739 1719 1788 ad
1767 1736 2040 1789 ecclesiae

445 1819 581 1855 suae
618 1805 1103 1857 substructionem.
1174 1803 1333 1856 Nune
1371 1819 1493 1855 eum
1531 1803 1938 1855 illustrissimae
1975 1817 2040 1855 ae

446 1870 943 1922 reverendissimae
963 1871 1344 1922 Dominationi
1368 1877 1496 1920 tuae
1515 1885 1734 1936 semper
1763 1870 2038 1920 deditissi-

445 1949 566 1984 mus
586 1933 787 1985 fuerim
806 1951 1131 2016 semperque
1157 1937 1480 2003 optaverim,
1523 1936 1644 1986 dari
1662 1935 1798 1986 mihi
1816 1935 2038 2001 aliquod

444 1998 689 2064 tempus,
729 2015 851 2050 eum
887 2016 941 2052 ei
967 2004 1210 2053 studium
1240 2009 1405 2069 atque
1437 2002 1844 2053 observantiam
1862 2016 2036 2052 meam

444 2066 683 2131 prob‘are
722 2081 972 2134 possem,
1014 2069 1256 2120 iudicavi
1286 2064 1421 2119 mihi
1445 2066 1760 2119 faciendum
1791 2082 1940 2128 esse,
1978 2075 2038 2118 ut

444 2132 622 2198 primo
662 2147 883 2200 quoque
909 2139 1160 2201 tempore
1187 2135 1258 2184 ad
1287 2149 1408 2184 eam
1435 2133 1504 2184 de
1537 2132 1640 2184 bae
1670 2132 1898 2184 honoris
1930 2136 2038 2184 mei

446 2199 875 2265 amplificatione
898 2201 1217 2261 scriberem,
1240 2215 1326 2251 me
1368 2215 1437 2250 ue
1459 2215 1524 2250 ae
1548 2215 1674 2250 mea
1691 2201 1879 2250 omnia
1902 2215 2036 2251 sem-

444 2279 546 2330 per
562 2266 617 2316 in
642 2268 763 2318 eius
785 2273 1061 2334 potestate
1080 2265 1206 2316 fore
1225 2281 1325 2333 pro
1369 2274 1536 2318 terer.
1607 2265 1748 2317 Peto
1768 2279 1950 2318 autem
1971 2265 2036 2315 ab

444 2333 583 2399 ipsa,
622 2339 684 2382 ut
707 2348 795 2384 me
830 2337 886 2384 in
918 2337 1035 2386 suis
1070 2339 1341 2395 numeret,
1380 2348 1444 2384 ae
1475 2333 1726 2398 potentia
1744 2333 1963 2398 quidem
1985 2338 2039 2382 et

445 2399 779 2450 auctoritate
815 2400 1122 2465 permultis,
1162 2399 1451 2451 voluntate
1487 2403 1548 2448 et
1583 2398 1769 2448 studio
1803 2413 1939 2464 erga
1977 2413 2036 2450 se

502 2477 549 2532 ·)
590 2483 715 2528 Quas
752 2481 959 2534 sequitur
995 2479 1192 2534 epistola
1229 2481 1276 2522 in
1311 2478 1490 2521 schedis
1527 2479 1697 2520 Mureti
1733 2479 1921 2520 inventa
1955 2485 2035 2528 est,

448 2532 595 2584 ipsius
622 2537 758 2576 etiam
786 2549 917 2577 manu
952 2537 1125 2588 scripta
1152 2534 1393 2586 litut-isque
1421 2531 1588 2574 alicubi
1605 2533 1862 2576 emendata.
1918 2531 2035 2576 Seti-

445 2591 529 2640 pta
559 2588 741 2630 videtur
772 2592 951 2631 nomine
968 2587 1228 2631 Cardinalis
1257 2587 1447 2630 alicuius
1476 2587 1620 2628 creati
1648 2599 1689 2628 a.
1723 2591 1830 2630 158³
1881 2587 2036 2630 Cardi-

446 2639 541 2686 nau
560 2641 771 2688 Andreae
790 2645 847 2685 ab
868 2644 1066 2688 Austris.
1104 2641 1262 2687 Later.
