2275 3025
559 173 823 227 EPIST.
858 175 1011 228 LIB.
1048 176 1156 228 111.
1193 177 1312 230 ΕΡ.
1349 178 1546 231 xvn.
1758 175 1859 228 229

256 281 339 338 te,
379 282 436 326 et
462 275 557 326 diu
588 293 653 327 ac
684 277 931 343 graviter
967 282 1320 344 aegrotasse:
1357 283 1478 329 tum
1510 278 1606 330 vix
1641 277 1856 338 credas,

257 358 416 409 quam
446 357 533 394 me
560 344 859 410 pupugerit
888 343 989 392 illa
1019 345 1290 410 cogitatio
1308 380 1323 405 ,
1360 345 1576 394 interea
1601 350 1725 394 toto
1755 344 1858 393 illo

254 415 504 477 tempore
534 423 788 476 cessasse
818 423 907 458 me
946 414 1003 459 et
1022 411 1262 476 quodam
1299 410 1467 461 modo
1507 409 1754 460 defuisse
1779 409 1859 459 of-

254 475 415 538 ficio,
445 490 626 543 neque
655 476 951 541 quidquam
978 476 1300 541 scripsisse,
1330 492 1438 543 quo
1463 474 1702 527 hominis
1725 475 1856 526 ami-

256 543 466 594 cissimi
487 548 544 592 et
564 541 632 591 de
652 556 738 591 me
763 542 965 607 optime
987 545 1173 594 meriti
1194 544 1463 594 leniretur
1485 543 1665 594 dolor.
1733 540 1860 592 Etsi

256 609 402 658 enim
421 623 552 658 vere
576 606 679 657 hac
700 609 1056 660 excusatione
1080 611 1166 660 uti
1194 625 1448 677 possum,
1479 609 1729 660 nescisse
1749 621 1857 669 me,

252 675 360 726 tibi
378 674 522 724 male
544 686 693 724 esset
719 679 903 724 tamen
931 690 998 726 ea
1020 677 1146 741 ipsa
1164 677 1456 727 excusatio
1479 673 1859 728 excusationis

255 741 496 820 indiget,
522 757 644 791 cum
662 741 983 792 indecorum
1006 743 1096 804 sit,
1118 745 1275 794 cuius
1295 744 1352 793 in
1372 756 1459 794 me
1481 749 1569 793 tot
1593 747 1857 807 tantaque

185 858 190 863 ,
256 808 441 858 officia
461 809 793 870 exstiterint,
813 813 927 858 tam
950 810 1044 859 diu
1065 824 1171 872 me,
1202 825 1312 875 qua
1327 809 1378 859 is
1398 809 1717 860 valetudine
1739 816 1860 858 ute-

252 880 427 935 retur,
451 875 739 926 nesciisse.
806 875 910 925 Est
930 877 1155 927 omnino
1184 874 1346 927 huius
1373 879 1458 928 rei
1491 876 1654 944 culpa
1673 876 1861 953 aliqua

256 941 425 992 etiam
445 941 502 991 in
524 941 903 992 communibus
924 944 1135 1003 amicis,
1150 943 1387 1008 quicum
1408 958 1496 993 me
1513 949 1612 994 tuo
1635 954 1859 992 nomme

254 1007 589 1068 salutabant,
612 1007 752 1058 nihil
770 1009 1066 1071 addebant,
1088 1011 1194 1060 nisi
1215 1010 1316 1059 illa
1333 1009 1615 1076 vulgaria,
1634 1021 1857 1058 conser-

253 1089 386 1124 vare
424 1079 481 1124 te
503 1074 803 1142 diligenter
838 1077 1165 1136 memoriam
1202 1077 1313 1126 mei
1343 1082 1401 1127 et
1427 1077 1759 1142 scripturum
1789 1072 1862 1124 ad

256 1155 363 1202 me,
403 1156 524 1190 cum
554 1140 901 1192 commodum
934 1148 1111 1205 esset3
1151 1149 1370 1210 petere,
1410 1148 1472 1192 ut
1499 1158 1528 1191 e
1573 1157 1606 1192 o
1639 1153 1859 1208 quoque

254 1207 401 1258 idem
422 1206 693 1271 facerem3
722 1208 1157 1260 invaletudinem
1188 1216 1340 1260 tuam
1361 1216 1457 1259 aut
1477 1225 1540 1259 ce
1566 1209 1733 1258 abant
1751 1220 1860 1264 me,

256 1281 352 1323 aut
370 1274 481 1338 ipsi
502 1289 721 1341 quoque
744 1274 1083 1326 nesciebant.
1155 1277 1290 1326 Utut
1310 1281 1414 1338 est,
1431 1275 1782 1326 convaluisse
1802 1278 1859 1324 te

255 1339 496 1408 gaudeo,
516 1348 759 1408 petoque
781 1356 814 1391 a
833 1348 887 1390 te
899 1343 1145 1408 primum
1165 1349 1227 1394 ut
1243 1357 1344 1408 pro
1367 1342 1538 1393 solita
1555 1348 1653 1393 tua
1675 1340 1859 1391 huma·

254 1406 431 1458 nitate
452 1407 715 1473 ignoscas
734 1405 887 1469 mihi,
902 1410 950 1458 si
972 1409 1182 1460 diutius
1204 1410 1273 1460 ad
1295 1417 1350 1460 te
1373 1410 1620 1461 scribere
1641 1407 1856 1467 distuli,

256 1488 419 1542 quam
448 1488 547 1539 par
574 1481 719 1525 erat:
756 1474 955 1527 deinde
979 1483 1037 1527 ut
1056 1481 1320 1543 quantum
1341 1491 1427 1527 me
1449 1491 1624 1538 amas,
1645 1481 1860 1527 tantum

258 1554 461 1607 operae
493 1556 559 1591 ac
586 1542 911 1609 diligentiae
941 1543 1201 1594 conferas
1225 1544 1294 1593 ad
1317 1543 1688 1593 valetudinem
1707 1548 1860 1591 tuam

256 1615 315 1657 et
333 1608 765 1659 confirmandam
790 1614 848 1657 et
874 1608 1330 1659 conservandam.
1399 1608 1528 1657 Hoc
1547 1608 1631 1656 ita
1649 1606 1858 1656 videris

251 1672 519 1725 facillime
551 1675 819 1738 consequi
844 1687 1037 1737 posse,
1068 1675 1117 1722 si
1138 1673 1210 1722 ad
1229 1673 1482 1738 corporis
1505 1672 1860 1721 exercitatio·

252 1754 353 1790 nes
380 1739 591 1804 aliquid
619 1738 932 1797 addideris,
963 1738 1031 1788 de
1060 1738 1556 1789 exercitationibus
1584 1737 1752 1787 animi
1781 1742 1860 1785 at-

254 1820 361 1873 que
402 1805 613 1869 ingenii
652 1804 865 1871 aliquid
902 1804 1233 1855 detraxeris.
1302 1803 1456 1855 Neve
1493 1810 1655 1871 putes
1703 1802 1860 1870 quid-

254 1887 419 1939 quam
454 1884 543 1921 me
583 1870 688 1921 tibi
729 1870 992 1931 suadere,
1030 1871 1180 1937 quod
1211 1884 1321 1921 non
1347 1871 1484 1921 satis
1511 1870 1860 1937 exploratum

255 1937 515 1991 habeam:
549 1951 656 2003 ego
690 1950 913 2004 quoque
938 1936 1087 1989 idem
1114 1936 1304 1987 facere
1341 1937 1503 2004 coepi
1530 1944 1586 1988 et
1622 1935 1758 1988 mihi
1777 1936 1859 1986 in-

254 2006 493 2072 signiter
511 2003 783 2069 prodesse
803 2004 1004 2054 sentio.
1077 2005 1166 2055 Tu
1187 2004 1404 2083 quando
1427 2019 1496 2055 eo
1517 2004 1743 2071 ingenio
1776 2018 1857 2063 es,

184 2110 193 2115 .
252 2076 319 2122 ut
339 2070 619 2137 cognatis,
645 2077 709 2120 ut
734 2071 955 2132 amicis,
996 2076 1060 2123 ut
1079 2079 1320 2137 patriae,
1340 2077 1404 2122 ut
1419 2071 1583 2122 bonis
1606 2071 1858 2123 omnibus

251 2138 624 2190 libentissime
662 2151 887 2202 operam
924 2138 1023 2189 des
1057 2153 1360 2204 eorumque
1401 2138 1707 2190 commodis
1735 2150 1859 2201 per-

252 2210 425 2271 petuo
447 2205 747 2266 inservias,
780 2209 841 2254 ut
857 2203 916 2255 id
942 2204 1210 2257 facillime
1240 2220 1307 2256 ac
1339 2205 1650 2258 diutissime
1669 2202 1858 2254 facere

252 2270 465 2339 possis,
488 2270 795 2322 elaborato.
867 2271 949 2320 Mi
973 2271 1203 2323 Sacrate
1237 2273 1468 2338 optime,
1497 2274 1664 2321 etiam
1690 2275 1859 2335 atque

256 2339 427 2389 etiam
475 2338 618 2389 vale.
691 2336 937 2389 Salutem
979 2339 1272 2404 plurimam
1302 2338 1623 2390 lectissimis
1664 2336 1860 2401 tuique

253 2404 553 2456 simillimis
591 2404 758 2466 viris,
797 2402 1063 2456 fratribus
1098 2406 1234 2467 tuis,
1281 2405 1526 2471 itemque
1563 2402 1858 2464 Paludino,

254 2471 487 2523 Canalio
524 2472 838 2538 ceterisque
886 2473 1097 2523 amicis.
1171 2472 1400 2523 Romae.
1429 2484 1562 2523 xm.
1594 2468 1721 2521 Kal.
1742 2467 1857 2518 lan.

254 2552 530 2589 unnxvn.

954 2700 987 2729 ὸ
