2275 3025
360 208 367 218 *
2232 208 2238 221 ⁸

2231 239 2236 252 Ι

496 283 765 338 ΕΡ18Τ.
804 284 959 343 Lm.
996 287 1038 340 1.
1075 286 1196 340 ΕΡ.
1234 286 1393 341 x1x.
1429 286 1557 339 XX.
1741 288 1809 341 2⁴1

234 386 614 452 potem-quod,
653 400 774 437 cum
794 386 931 451 ipsis
954 386 1175 439 domiin
1197 388 1419 439 summis
1441 386 1655 438 deliciis
1678 390 1733 437 et
1750 388 1807 438 in

232 452 467 502 maxima
485 466 665 503 rerum
687 454 927 503 omnium
947 452 1225 504 affluentia
1242 456 1425 505 vivere
1445 455 1668 516 liceret,
1688 453 1806 507 lon·

233 519 463 585 ginquas
482 520 960 587 peregrinationes
996 521 1277 586 suscipere
1297 535 1530 587 seseque
1553 520 1804 571 excolen-

233 586 292 637 di
317 586 526 652 ingenii
552 602 719 637 causa
744 585 972 637 infinitis
992 586 1404 638 difficultatibus
1426 587 1666 639 obiicere
1693 602 1804 637 me-

229 651 467 704 luerunt.
536 652 583 703 li
615 668 736 704 cum
761 652 1068 705 iudicarent
1101 654 1273 715 idem,
1301 654 1449 721 quod
1471 667 1684 714 omnes,
1746 655 1803 708 ui

230 725 382 770 recte
409 722 679 781 sentiunt,
711 719 979 783 iudicant,
1014 722 1226 788 ingenii
1246 727 1303 772 et
1320 720 1668 787 eloquentiae
1689 735 1725 786 g
1749 734 1806 770 o.

231 788 318 837 ria
336 785 553 837 ltaliam
579 787 777 837 ceteris
807 787 1147 851 netlonibus,
1181 788 1239 838 in
1258 787 1418 839 ltalia
1437 793 1621 838 autem
1640 786 1806 853 Longe

234 868 400 904 unum
427 854 628 904 ceteris
657 853 904 906 omnibus
931 853 1163 907 Paulum
1190 855 1497 906 Manutium
1515 852 1808 907 antecelle-

229 932 315 971 re:
354 934 533 999 neque
571 935 631 971 se
667 918 850 973 studio
889 937 990 974 suo
1016 922 1339 973 satisfacere
1364 936 1528 989 posse
1555 920 1808 972 arbitrati

230 992 382 1048 sunt,
411 987 520 1039 nisi
542 988 596 1038 in
617 988 830 1039 ltaliam
857 989 1131 1051 venirent,
1168 1003 1344 1055 neque
1375 1004 1496 1039 cum
1514 989 1572 1039 in
1592 986 1805 1038 ltaliam
1842 999 1854 1004 ·
2076 1026 2104 1041 ,

229 1054 1054 1116 νειιίεεοιιῳιίεὶΡειιιΙίΜιιιιιιὲὶί
1074 1054 1339 1121 adspectu
1360 1061 1416 1106 et
1434 1054 1805 1106 collocutione

230 1118 562 1171 fruerentur.
633 1120 795 1181 Quod
830 1127 1016 1171 autem
1045 1122 1114 1172 de
1153 1121 1373 1187 scriptis
1398 1122 1681 1188 utriusque
1712 1135 1806 1172 no·

231 1193 409 1238 strum
431 1186 849 1245 intellexerant,
880 1192 1082 1251 quanta
1096 1187 1245 1237 inter
1263 1201 1363 1238 nos
1382 1187 1722 1239 voluntatum
1743 1202 1806 1238 ac

233 1252 545 1304 studiorum
564 1252 878 1302 coniunctio
900 1257 1071 1303 esset:
1107 1258 1443 1315 statuerunt,
1470 1267 1531 1303 se
1550 1253 1633 1314 id,
1662 1254 1807 1318 quod

234 1322 525 1383 cuperent,
554 1317 706 1368 nullo
725 1317 889 1368 modo
911 1318 1105 1371 melius
1140 1334 1300 1385 quam
1320 1334 1418 1385 per
1434 1333 1520 1371 me
1548 1320 1809 1385 consequi

234 1397 432 1452 posse,
456 1397 775 1451 mecumque
795 1391 1048 1452 egerunt,
1072 1391 1134 1438 ut
1154 1400 1251 1437 eos
1270 1386 1372 1437 tibi
1396 1401 1555 1454 quam
1577 1386 1806 1453 diligen-

235 1449 455 1501 tissime
483 1452 932 1503 commendarem.
1000 1452 1085 1505 lta
1107 1453 1282 1522 igitur
1304 1453 1481 1517 facio,
1508 1459 1746 1522 petoque
1773 1468 1808 1505 ιι

235 1524 317 1581 te,
347 1525 431 1582 ut,
457 1519 506 1570 si
532 1519 646 1571 ulle
663 1535 898 1587 unquam
918 1521 1060 1588 apud
1079 1528 1134 1574 te
1155 1536 1278 1574 mea
1299 1523 1698 1574 commendatio
1717 1537 1805 1573 va-

232 1585 364 1649 luit,
403 1585 552 1655 quod
586 1587 704 1639 scio
741 1588 981 1639 valuisse
1012 1604 1173 1656 quam
1198 1589 1487 1657 plurimas,
1525 1588 1651 1641 huic
1682 1590 1805 1656 plus

235 1654 403 1704 etiam
429 1669 588 1721 quam
613 1655 815 1706 ceteris
855 1655 1201 1709 tribuendum
1230 1663 1416 1723 putes,
1464 1656 1804 1722 adiicinsque
1827 1707 1831 1713 ,

234 1720 305 1770 ad
332 1720 483 1773 illam
514 1718 926 1785 humanitatem,
968 1738 1076 1790 quo.
1095 1737 1287 1776 omnes
1320 1724 1574 1789 excipere
1607 1722 1806 1775 solitus

236 1801 321 1850 es,
361 1787 489 1854 quid
530 1789 622 1840 uid
657 1796 890 1856 rogante
928 1797 1092 1857 atque
1144 1790 1468 1839 obsecrante
1514 1802 1601 1838 me
1639 1787 1804 1837 adiici

233 1860 432 1922 potest.
552 1855 657 1908 ele.
687 1855 929 1908 Postrid.
949 1855 1093 1907 Non.
1116 1854 1269 1920 Sept.
1290 1854 1539 1905 Patavio.

575 2092 603 2121 X

641 2151 778 2206 XX.
816 2166 1031 2206 einen
1067 2165 1381 2205 num-nc.

296 2222 535 2320 Tibulli
553 2255 783 2321 primum
804 2255 1000 2306 folium
1018 2269 1150 2307 ecce
1189 2255 1225 2307 i.
1294 2253 1521 2307 Scholia
1537 2253 1697 2304 mitto
1718 2251 1799 2304 lo·

227 2320 307 2372 cis
326 2323 401 2373 eli
440 2330 539 2372 uot
557 2323 753 2374 leviter
771 2323 1073 2374 immutata.
1195 2323 1465 2374 ectionem
1493 2334 1603 2371 non
1622 2318 1800 2385 perfa-

225 2388 384 2439 cilem
431 2403 526 2440 ore
546 2389 729 2456 operis
749 2396 901 2456 puto,
919 2395 1034 2441 tum
1052 2396 1277 2457 propter
1296 2390 1422 2450 alia,
1442 2394 1555 2438 tum
1576 2392 1801 2450 propter

225 2456 444 2507 crebras
462 2457 932 2523 interpositiones.
1003 2454 1113 2509 Sed
1132 2457 1187 2507 in
1211 2462 1267 2507 te
1286 2470 1413 2522 spes
1438 2458 1547 2512 est,
1568 2452 1700 2514 etsi,
1728 2467 1797 2503 ne

220 2522 422 2586 vivam,
449 2523 498 2573 si
516 2537 626 2574 non
646 2523 918 2574 interdum
936 2538 1001 2575 ac
1020 2533 1417 2588 saepevereor,
1440 2532 1507 2569 ne
1525 2532 1648 2569 mea
1666 2518 1799 2570 scri·

220 2585 387 2641 flendi
403 2588 746 2656 negligentia
763 2590 1157 2643 noceatvoculis
1175 2590 1305 2640 tuis.
1374 2586 1594 2646 Quaeso
1614 2590 1797 2636 tamen

223 2669 256 2704 a
271 2661 345 2718 te,
365 2662 428 2706 ut
446 2654 584 2707 hanc
602 2656 910 2708 molestiam
929 2671 1053 2708 mee
1067 2670 1234 2707 causa
1254 2655 1501 2712 devores,
1512 2664 1668 2700 cures
1708 2663 1797 2724 ue,

222 2722 370 2787 quod
389 2723 679 2774 commodo
698 2729 795 2774 tuo
815 2721 1002 2774 facere
1028 2721 1239 2788 possis,
1277 2733 1345 2768 ne
1374 2723 1487 2767 tam
1509 2713 1682 2764 multa
1743 2724 1797 2758 ic

220 2795 544 2856 peccentur,
583 2805 743 2859 quam
768 2791 826 2840 in
851 2787 1088 2840 Catullo·
1157 2785 1290 2835 ldeo
1317 2783 1610 2834 admonere
1638 2781 1695 2825 te
1717 2771 1796 2821 vi-
