2275 3025
394 130 492 179 140
931 130 1009 179 M.
1026 130 1108 185 ‚A.
1146 127 1458 212 Muna'rl

392 226 464 277 ad
501 231 558 276 te
591 230 858 293 quaeque
884 228 956 279 ad
983 227 1138 278 illum
1162 228 1542 294 pertinebunt,
1578 226 1999 279 studiosissime

390 293 729 358 procurabo:
771 309 950 360 neque
970 296 1026 344 in
1048 300 1203 344 tanta
1218 301 1413 344 nostra
1431 292 1821 343 coniunctione
1841 292 1997 347 ullus

391 373 628 424 unquam
647 360 948 426 gratiarum
970 362 1180 410 actioni
1201 359 1423 409 futurus
1442 365 1530 409 est
1548 358 1724 409 locus.
1796 359 1996 410 Manu-

389 425 546 487 tium,
569 426 620 474 si
640 423 819 476 adhuc
836 426 968 477 istic
989 432 1094 487 est,
1115 426 1255 475 meis
1275 424 1460 476 verbis
1480 424 1690 475 salutes
1712 424 1894 487 velim,
1916 427 1997 475 ei-

393 505 500 557 que
525 491 781 542 adfirmes
799 527 814 553 ,
850 492 1289 541 invaletudinem
1304 490 1481 555 ipsius
1498 488 1633 539 mihi
1662 505 1876 540 summo
1898 491 2001 541 do-

393 556 502 609 lori
525 571 674 607 esse:
717 558 811 623 qui
831 558 882 606 si
911 555 1060 607 forte
1094 554 1335 605 animum
1353 557 1647 606 induceret
1677 554 1783 606 huc
1802 551 1873 606 ad
1892 571 1999 607 nos

394 622 662 673 secedere
694 628 753 672 et
789 622 1078 671 nobiscum
1117 622 1431 688 transigere
1452 619 1558 672 hos
1580 623 1824 672 aestivos
1844 622 1999 673 calo·

394 703 514 749 res,
543 687 787 738 fortasse
807 688 1121 751 perciperet
1141 687 1375 739 eandem
1394 686 1689 739 utilitatem
1712 703 1743 737 e
1764 688 1997 738 salubri-

394 760 513 805 tate
534 754 682 803 coeli
701 752 1004 813 Tiburtini,
1048 766 1214 817 quam
1240 752 1401 803 multi
1430 753 1533 803 alii
1554 754 1805 821 capiunt3
1846 769 1881 803 a
1904 768 1997 803 me

398 826 551 871 certe
574 824 898 883 exspectare
920 825 1114 883 posset
1133 832 1204 869 ea
1224 819 1409 869 omnia
1429 820 1635 880 officia,
1671 833 1811 885 quae
1838 826 1995 870 vetu-

397 885 675 937 stissimae
703 885 851 934 inter
880 901 984 936 nos
1011 886 1291 936 amicitiae
1322 891 1380 935 et
1406 887 1633 935 summis
1666 886 1839 949 ipsius
1862 900 2001 951 erga

395 965 486 1003 me
501 950 792 1002 beneficiis
813 950 1102 1002 debentur.
1176 950 1459 1004 Salutabis
1488 951 1654 1000 etiam
1674 964 1799 1001 meo
1822 953 1999 1001 nomi-

396 1031 467 1068 ne
506 1019 771 1084 optimum
809 1023 867 1068 et
905 1018 1340 1068 eruditissimum
1386 1016 1687 1077 hominem,
1741 1015 2001 1067 Fulvium

399 1083 722 1145 Cardulum,
761 1084 942 1150 eique,
963 1083 1113 1150 quod
1133 1084 1406 1135 adductus
1423 1096 1549 1133 mea
1567 1082 1999 1133 commendatio·

395 1164 466 1201 ne
487 1148 798 1201 rationibus
816 1152 928 1201 tuis
957 1148 1253 1266 consuaere
1272 1155 1555 1210 coneturr·
1570 1162 1643 1199 ex
1664 1162 1752 1197 me
1773 1162 1997 1216 quoque

396 1214 608 1282 gratias
627 1230 780 1282 ages.
851 1214 1022 1266 Plura
1041 1216 1154 1266 scri
1194 1230 1377 1279 erem;
1415 1215 1517 1267 sed
1542 1228 1767 1266 avocor.
1835 1214 1996 1267 Vale.

397 1294 481 1334 xx.
500 1280 736 1331 Kalend.
759 1279 955 1332 Sextil.
977 1295 1204 1334 unnxx.

666 1574 855 1628 xcn.
889 1588 1112 1629 nmen
1150 1589 1206 1627 κ.
1246 1591 1393 1628 Awr.
1432 1591 1745 1631 otorano.

463 1644 794 1734 Gratulare
812 1675 976 1741 mihi,
1017 1677 1229 1728 Caesar
1265 1677 1441 1728 valet:
1482 1679 1639 1729 cuius
1677 1677 1994 1730 invaletudo

394 1748 608 1796 tantum
626 1744 763 1797 mihi
784 1759 1098 1797 moerorem
1121 1743 1412 1801 attulerat,
1452 1749 1715 1808 quantum
1747 1759 1854 1811 ego
1874 1745 1995 1810 ipse

396 1825 674 1876 nunquam
709 1812 1088 1863 credidissem.
1159 1809 1301 1860 Mihi
1340 1809 1530 1872 crede,
1587 1825 1703 1860 non
1738 1811 1997 1877 putabam

397 1889 522 1925 eum
541 1880 834 1941 tantopere
853 1892 888 1925 a
908 1891 993 1926 me
1015 1877 1207 1929 amari.
1274 1875 1407 1926 Fuit
1425 1877 1521 1926 ille
1534 1876 1756 1942 quidem
1773 1878 1854 1927 ita
1869 1890 1996 1942 pro-

393 1941 656 2020 pinquus,
696 1947 758 1990 ut
795 1945 992 2006 poetae
1029 1941 1359 2005 loquuntur,
1398 1937 1527 2002 ᾅδου
1554 1939 1755 2000 πύλαις,
1796 1949 1861 1993 ut
1885 1944 1994 1992 iam

395 2019 614 2069 iamque
638 2003 918 2055 efflaturus
939 2005 1177 2056 animam
1208 2007 1508 2057 videretur.
1576 2007 1753 2059 Aliter
1772 2008 1896 2060 Deo
1920 2009 1993 2057 vi·

394 2085 516 2122 sum
537 2077 642 2133 est,
653 2073 746 2138 qui
765 2071 956 2120 maluit
977 2085 1046 2120 eo
1069 2073 1601 2139 conservato,'‘quam
1623 2075 1861 2137 sublato,
1884 2073 1992 2124 sibi

395 2137 606 2204 gratias
653 2139 764 2203 agi.
834 2135 1043 2186 Potero
1086 2152 1231 2187 nunc
1278 2139 1469 2198 (antea
1506 2140 1651 2190 enim
1688 2156 1798 2191 non
1831 2139 1990 2206 'pote-

391 2205 543 2266 ram)
565 2203 638 2253 ad
655 2203 883 2254 fratrem
903 2208 1057 2252 tuum
1079 2203 1354 2266 scribere,
1394 2205 1557 2270 eique
1576 2213 1639 2256 ut
1658 2206 1847 2268 decet,
1868 2219 1989 2283 gra-

389 2269 500 2320 tias
538 2283 732 2336 agere,
772 2276 830 2319 et
858 2268 926 2318 de
957 2267 1104 2318 vasis
1131 2276 1394 2333 quatuor,
1434 2286 1575 2336 quae
1604 2271 1674 2321 ad
1706 2287 1795 2322 me
1820 2272 1987 2334 misit,

391 2349 524 2386 sane
545 2335 894 2404 elegantibus
914 2340 974 2385 et
992 2336 1181 2399 operis
1202 2337 1407 2396 eximii,
1428 2343 1485 2387 et
1505 2337 1572 2388 de
1584 2337 1787 2388 litteris
1807 2353 1989 2388 aman·

387 2400 603 2452 tissime
641 2403 882 2469 scriptis.
951 2400 1175 2450 interea
1212 2406 1299 2462 tu,
1341 2417 1461 2453 cum
1492 2404 1560 2453 ad
1592 2419 1716 2454 eum
1754 2403 1986 2466 scribes,

387 2466 729 2530 significabis
751 2470 828 2530 ei,
859 2481 1054 2518 munus
1075 2465 1211 2516 mihi
1228 2466 1403 2520 fuisse
1424 2470 1824 2536 gratissimum,
1862 2483 1985 2534 pur-

297 2559 308 2567 ae
387 2531 656 2647 §ahisque
677 2549 793 2595 me,
832 2532 980 2599 quod
1011 2532 1083 2582 ad
1102 2533 1282 2598 ipsum
1305 2549 1415 2585 non
1442 2536 1630 2584 statim
1650 2534 1981 2600 scripserim.

441 2594 541 2647 ihil
559 2604 690 2648 tunc
710 2599 860 2650 aliud
882 2614 1046 2666 quam
1064 2599 1134 2651 de
1158 2599 1396 2651 Caesare
1423 2599 1755 2666 cogitabam.
1824 2599 1873 2650 N
1878 2615 1981 2650 unc
