2275 3025
346 141 447 194 ΠΒ
879 137 957 188 Μ.
994 137 1055 188 Α.
1089 135 1411 188 MURETI

342 237 515 292 multa
529 271 545 298 ‚
570 249 710 302 quae
728 234 863 287 mihi
886 237 955 288 ad
976 251 1097 288 eam
1118 237 1517 303 cogitationem
1537 233 1952 300 suscipiendam

345 319 479 356 sane
514 318 675 370 quam
694 304 1047 355 incommoda
1066 310 1277 364 esseut,
1312 317 1486 367 eaque
1508 303 1630 368 ipse
1658 304 1833 351 amice
1853 301 1951 352 ad·

344 369 566 422 modum
587 369 833 422 refutare
854 377 1141 437 pergeret:
1185 371 1359 430 (nosti
1381 374 1563 420 autem
1588 369 1829 419 divinam
1849 366 1949 418 ho·

240 486 251 490 -
344 437 511 490 minis
529 437 685 487 illius
702 437 759 486 in
782 433 1023 488 dicendo
1042 438 1372 488 suavitatem
1390 440 1430 500 ,)
1471 450 1580 484 non
1606 435 1756 501 prius
1779 434 1948 487 desti·

343 504 417 554 tit
430 540 447 566 ,
466 517 630 569 quam
648 517 738 553 me
760 504 979 570 impulit
999 503 1239 568 denique
1253 538 1268 564 ,
1289 503 1399 552 sibi
1419 507 1480 551 ut
1498 503 1834 566 reciperem,
1855 515 1949 550 me

346 569 407 621 id
436 571 619 636 primo
660 584 883 637 quoque
918 576 1168 635 tempore
1207 567 1660 617 essefacturum.
1750 565 1950 633 Neque

345 651 481 688 vero
514 635 612 686 diu
642 636 809 686 fidem
841 649 1019 686 meam
1050 635 1290 685 liberare
1323 633 1543 695 distuli3
1581 639 1646 684 ut
1677 634 1772 701 qui
1799 634 1950 683 inter

344 701 530 752 varias
560 702 983 767 occupationes,
1022 698 1188 750 homo
1227 699 1450 767 alioqui,
1475 700 1698 756 laboris,
1723 714 1833 749 non
1866 699 1949 748 ni-

348 769 518 819 mium
536 765 802 826 tolerans,
826 765 934 816 hoc
950 771 1133 816 tamen
1150 803 1164 827 ,
1185 765 1454 832 quidquid
1477 772 1590 826 est,
1610 765 1948 816 trium'men·

348 835 523 892 sium,
575 832 855 898 aliquanto
910 832 1081 883 etiam
1116 832 1331 882 minore
1371 833 1552 898 spatio
1593 832 1948 884 absolverim.

348 897 509 950 Nunc
536 895 704 949 hasce
734 898 957 966 vigilias
986 913 1167 960 meas,
1217 899 1559 952 Bernardine
1597 897 1947 960 Laui-edane,

347 964 555 1017 multae
587 970 716 1014 sunt
748 979 976 1028 causae,
1017 965 1372 1032 quamobrem
1405 966 1504 1016 tibi
1529 966 1741 1016 dicatas
1761 965 1944 1015 velim.

348 1031 524 1083 Natus
545 1045 605 1082 es
626 1045 697 1082 ex
716 1032 897 1099 ampla
917 1046 1038 1082 cum
1058 1033 1249 1098 primis
1271 1038 1328 1081 et
1348 1031 1522 1082 nobili
1541 1031 1776 1094 familia,
1799 1037 1855 1080 et
1873 1045 1945 1081 ex

350 1113 460 1164 qua
478 1112 547 1148 ea
562 1095 812 1150 Venetae
836 1099 1079 1150 civitatis
1098 1099 1308 1150 lumina
1329 1100 1664 1148 exstiterunt
1677 1135 1692 1160 ,
1713 1104 1944 1164 qaorum

273 1193 278 1196 -
350 1165 663 1216 claritatem
678 1165 832 1216 nulla
848 1179 1086 1232 unquam
1103 1165 1487 1216 inobscurabit
1509 1165 1735 1216 oblivio.
1780 1162 1948 1213 Prae·

272 1281 279 1288 ,
348 1236 511 1282 terea
528 1236 615 1282 est
634 1229 741 1282 hoc
760 1234 955 1299 generi
974 1237 1164 1282 vestro
1187 1245 1359 1299 prope
1379 1230 1628 1282 fataliter
1648 1229 1832 1280 datum
1847 1263 1862 1290 ‚
1883 1233 1949 1279 ut

349 1297 549 1346 ametis
579 1297 795 1348 litteras
824 1295 1188 1366 hominesque
1220 1313 1407 1348 earum
1440 1298 1674 1348 scientia
1694 1295 1950 1346 excultos

348 1362 693 1427 benignitate
723 1370 913 1414 vestra
934 1359 1442 1431 comprehendatis.
1511 1363 1635 1414 Non
1665 1363 1836 1429 longe
1855 1361 1951 1410 ab·

349 1428 601 1478 ierimus:
624 1434 782 1495 pater
799 1430 921 1496 ipse
939 1435 1086 1492 tuus,
1104 1431 1230 1492 vir-J
1244 1436 1304 1480 ut
1324 1444 1512 1480 omnes
1533 1436 1736 1480 norunt
1752 1465 1767 1490 ,
1801 1426 1953 1478 omni

352 1494 620 1561 egregiae
642 1494 861 1547 virtutis
881 1495 1044 1547 laude
1082 1496 1576 1557 cumulatissimas,
1619 1496 1700 1547 ita
1733 1495 1949 1546 littera-

349 1575 473 1612 rum
491 1576 683 1613 amore
700 1562 961 1613 incensus
982 1569 1088 1625 est,
1106 1571 1172 1614 ut
1191 1579 1277 1627 ea,
1304 1572 1413 1632 qna
1431 1563 1634 1629 ubique
1655 1563 1948 1631 plurimum

350 1628 526 1691 valet,
566 1630 900 1684 auctoritate
928 1637 987 1680 et
1028 1631 1211 1697 gratia
1227 1645 1583 1697 permagnum
1617 1630 1948 1696 optimorum

349 1695 637 1758 librorum,
660 1697 945 1763 signorum
964 1698 1460 1763 nomismatumque
1479 1703 1727 1747 veterum
1742 1732 1757 1756 ‚
1795 1701 1946 1745 eete-

349 1776 670 1830 rerumque.
694 1764 1041 1831 antiquitatis
1090 1770 1568 1816 monumentorum
1618 1764 1832 1830 copiam
1879 1775 1950 1810 ex

354 1830 614 1879 universa
638 1830 881 1896 Europa·
903 1831 1334 1897 diligentissime
1373 1829 1683 1896 collegerit.
1753 1829 1950 1893 ltaque

353 1900 417 1945 ut
447 1910 518 1944 au
560 1903 685 1945 usta
704 1898 971 1961 quaedam
988 1898 1274 1949 Musarum
1309 1899 1506 1959 aedes,
1545 1898 1624 1947 ita
1644 1896 1838 1945 domus
1857 1907 1951 1943 ve-

354 1965 475 2010 stra
560 1962 761 2011 enetiis
800 1961 869 2011 ab
909 1964 1146 2014 eruditis
1181 1963 1493 2014 hominibus
1545 1962 1948 2028 frequentatur.

354 2026 513 2075 Haec
546 2042 671 2077 cum
701 2042 901 2094 magna
953 2030 1091 2091 sint,
1130 2036 1190 2079 ut
1223 2036 1374 2079 certe
1405 2035 1558 2091 sunt;
1594 2034 1778 2077 tamen
1801 2032 1950 2077 exte

352 2091 476 2208 {pso
498 2100 732 2158 possunt
767 2094 1192 2147 innumerabilia
1221 2096 1396 2162 magis
1430 2094 1654 2162 propria
1682 2100 1814 2144 tuae
1832 2092 1949 2142 lau·

390 2160 439 2209 is
458 2167 783 2226 argumenta
802 2162 1042 2212 desumi:
1078 2162 1362 2227 ingenium
1385 2161 1694 2223 excellens,
1734 2173 1862 2212 acre
1883 2172 1950 2208 ac

350 2224 695 2277 indefessum
728 2227 1039 2278 litterarum
1068 2226 1338 2287 studium,
1381 2228 1709 2293 optimarum
1745 2226 1948 2276 artium

351 2293 599 2358 cognitio
620 2298 802 2354 tanta,
843 2299 1100 2359 quantam
1118 2299 1178 2343 tu
1203 2307 1326 2342 cum
1346 2292 1538 2359 paucis
1559 2294 1684 2344 aliis
1705 2293 1761 2341 in
1783 2293 1952 2343 istam

350 2359 551 2409 aetatis
570 2359 907 2411 viriditatem
928 2359 1315 2424 cadereposse
1335 2360 1604 2423 docuisti3
1640 2366 1774 2421 tum,
1795 2356 1946 2424 quod

349 2425 707 2489 praecipuum
736 2433 850 2486 est,
888 2426 971 2477 ita
1009 2426 1306 2490 compositi
1340 2440 1553 2488 mores,
1590 2432 1653 2476 ut
1687 2427 1946 2475 iuventus

349 2494 450 2564 tua
479 2489 779 2541 multorum
809 2493 1081 2541 senectuti
1115 2492 1370 2558 exemplo
1403 2507 1528 2543 esse
1575 2494 1771 2559 possit.
1839 2488 1944 2541 vel

352 2551 439 2601 lus
460 2554 841 2617 superioribus
861 2558 1141 2607 mensibus
1153 2592 1170 2617 ‚
1195 2574 1318 2609 cum
1338 2560 1410 2608 ad
1428 2559 1506 2609 M.
1527 2559 1754 2609 Antonii
1767 2556 1947 2607 Trivi-

351 2618 476 2668 ‚sani
488 2626 505 2681 ς
542 2619 805 2685 principis
829 2621 1051 2686 optimi,
1071 2625 1370 2691 propinqui
1389 2627 1502 2688 tui,
1521 2624 1832 2675 luctuosam
1850 2622 1950 2672 bo·
