2275 3025
552 178 809 230 EPIST.
846 177 1004 228 LIB.
1043 180 1150 229 111.
1190 179 1307 229 ΕΡ.
1345 177 1504 229 LIX.
1542 177 1669 227 Lx.
1813 177 1913 228 279

320 277 521 328 additis
562 277 819 338 vocibus,
861 290 1172 332 urnaque
1231 291 1370 326 c1v1
1382 290 1429 327 s,
1497 275 1692 337 Volui,
1730 281 1794 326 ut
1817 293 1911 342 po-

319 344 418 406 tui,
447 346 623 394 virum
663 359 873 393 summa
912 343 1184 408 dignitate
1223 343 1531 407 praeditum
1572 344 1910 391 remunerari

320 415 378 460 et
399 410 594 460 saltem
635 409 870 459 reddere
913 423 1079 458 aerea
1109 423 1210 472 pro
1235 410 1435 458 aureis.
1506 409 1682 472 Atque
1706 409 1912 458 utinam

318 476 571 541 idipsum
592 481 879 525 assecutus
902 475 1030 536 sim,
1067 481 1130 524 ut
1163 474 1360 524 saltem
1391 489 1558 524 aerea
1584 475 1908 523 remiserim.

318 540 496 591 Valde
520 543 663 590 enim
686 548 891 600 metuo,
914 556 981 591 ne
1002 541 1248 592 miserim
1270 536 1390 588 οὐδὲ
1403 542 1598 601 χαλκοῦ
1621 536 1758 594 ἄξια.
1801 539 1910 589 Ero

320 607 494 673 igitur
515 605 823 667 Choerilus,
847 608 941 672 qui

586 705 799 755 incultis
819 705 1050 756 versibus
1071 713 1121 756 οι
1143 705 1465 774 malefactis

454 769 687 820 Rettulit
706 781 949 838 acceptos
963 789 979 822 .·

324 871 476 921 nosti
516 873 772 935 cetera.*)
842 871 956 922 Eos
976 879 1039 922 tu
1078 873 1254 922 seme-l
1285 873 1464 922 lectos
1510 886 1812 937 concerpas
1845 886 1912 922 an

320 937 489 987 etiam
512 938 771 988 ostendas
794 939 989 1004 quibus
1011 937 1312 998 videbitur,
1343 937 1535 988 iudicii
1569 945 1735 1004 atque
1763 938 1913 1000 ,arbi-

320 1004 417 1054 trii
434 1004 513 1053 tui
536 1019 625 1054 res
646 1011 789 1054 esto.
860 1005 939 1054 Ad
976 1004 1268 1054 Gillottum
1305 1002 1370 1054 V.
1395 1003 1453 1052 C.
1470 1010 1600 1068 post
1618 1005 1770 1054 illam
1792 1017 1912 1052 ora-

317 1071 619 1120 tiunculam
656 1071 777 1120 misi
802 1071 969 1119 etiam
1016 1069 1191 1120 libros
1230 1070 1520 1120 duodecim
1558 1068 1916 1119 historiarum

320 1133 413 1184 Pii
452 1135 691 1185 Secundi
730 1135 1046 1196 pontificis,
1106 1137 1350 1201 itemque
1398 1135 1668 1186 Graecum
1715 1135 1916 1185 librum

318 1206 583 1262 veterem,
622 1215 729 1266 quo
751 1217 961 1250 summa
980 1201 1247 1266 quaedam
1276 1201 1613 1266 analytieeS,
1651 1208 1709 1252 et
1728 1200 1916 1266 physi-

322 1280 416 1316 ces
438 1265 748 1316 luculenter
768 1267 1044 1332 explicata
1065 1267 1434 1318 continentur.
1506 1266 1698 1332 Neque
1730 1273 1914 1317 tamen

321 1332 479 1382 abeo
512 1332 727 1382 litteras
766 1340 963 1398 postea
1001 1333 1141 1383 ullas
1181 1336 1386 1400 accepi.
1460 1333 1634 1399 Spero
1672 1333 1814 1394 fore,
1857 1340 1916 1383 ut

322 1396 478 1449 brevi
498 1399 785 1450 nanciscar
802 1399 1012 1466 aliquid
1041 1399 1171 1461 otii3
1212 1399 1360 1464 quod
1391 1401 1440 1449 si
1460 1400 1697 1462 dabitur,
1729 1399 1913 1464 exple-

318 1465 392 1517 bo
435 1479 535 1516 vos
578 1466 739 1533 nugis
778 1466 931 1517 meis.
1016 1466 1156 1517 Heri
1195 1466 1430 1517 conveni
1469 1465 1817 1517 cardinalem
1856 1464 1911 1516 S.

322 1532 418 1583 Ste
459 1532 584 1582 hani
628 1539 684 1583 et
703 1548 821 1582 cum
845 1548 912 1582 eo
936 1532 1004 1583 de
1026 1540 1081 1583 te
1104 1533 1199 1582 diu
1227 1533 1538 1583 collocutus
1568 1548 1703 1583 sum.
1774 1530 1916 1581 Mihi

323 1613 415 1647 ere
458 1614 507 1658 e,
529 1598 688 1647 valde
708 1605 765 1647 te
787 1605 947 1648 amat.
1022 1600 1127 1657 Tu,
1151 1612 1379 1661 quaeso,
1415 1612 1484 1646 ex
1503 1598 1614 1647 isto
1635 1596 1914 1646 nobilissi-

325 1679 414 1713 mo
438 1678 705 1713 consessu
726 1670 930 1721 vesti-0,
954 1677 1095 1726 quos
1116 1660 1248 1711 mihi
1271 1662 1480 1711 amieos
1503 1676 1628 1711 esse
1649 1662 1778 1720 seis,
1802 1675 1919 1722 eos,

364 1728 475 1777 uod
498 1729 787 1777 commodo
809 1733 907 1776 tuo
930 1728 1045 1783 fiat.
1060 1726 1200 1775 meis
1219 1726 1404 1777 verbis
1425 1726 1624 1777 saluta.
1693 1727 1919 1777 Romae.

346 1836 349 1839 ,
384 1807 473 1842 on.
493 1792 626 1841 Mai.
652 1806 979 1843 unnxxxw.

789 2056 915 2109 Lx.
953 2058 1015 2109 R.
1058 2057 1458 2110 PINCAEUS

661 2155 719 2191 u.
762 2155 1060 2191 Ais-rome
1093 2156 1393 2193 „uuna-ro
1444 2156 1491 2193 s.
1537 2157 1594 2192 n.

401 2206 548 2291 Nae
586 2246 645 2289 tu
682 2239 836 2289 homo
875 2238 1107 2291 liberalis
1147 2257 1222 2303 es,
1267 2240 1477 2293 Meaerete
1515 2238 1832 2299 doctissime,
1876 2248 1924 2288 et

333 2306 480 2385 apud
497 2320 646 2372 quem
668 2306 860 2371 optime
874 2306 1113 2371 ponitur,
1157 2307 1249 2373 qm·
1276 2324 1380 2374 pro
1415 2307 1614 2357 duobus
1644 2304 1924 2355 narni-‹sma-

334 2381 402 2423 ω
426 2370 693 2423 Ζαηιοσοίἰ
714 2372 887 2423 aureis
901 2372 1161 2438 plurimos
1179 2390 1358 2424 versus
1378 2373 1581 2433 reddas,
1613 2388 1717 2422 non
1739 2358 1926 2421 bareos

332 2438 450 2491 illos
528 2438 699 2489 uidem
727 2446 956 2499 tantum,
996 2440 1088 2489 sed
1111 2456 1245 2491 auro
1273 2437 1414 2506 ipso,
1453 2438 1676 2517 gemmis
1702 2437 1853 2503 ipsis,
1882 2435 1928 2485 si

372 2504 465 2556 uid
518 2522 582 2556 ac
600 2506 655 2556 in
684 2521 742 2557 re
771 2505 874 2555 mei
897 2504 1084 2555 iudicii
1120 2514 1214 2569 est,
1249 2506 1621 2573 pretioazores:
1661 2505 1716 2554 in
1741 2502 1924 2581 quibus

336 2522 596 2638 §tc-phuni
627 2570 793 2639 Regis
830 2571 1058 2637 itemque
1096 2572 1284 2641 magni
1319 2572 1427 2623 eim
1465 2569 1784 2622 Cam-ellani
1819 2584 1928 2620 non

391 2670 432 2725 ²)
464 2672 624 2715 Horat.
643 2673 777 2726 epist.
796 2670 859 2712 11.
885 2676 923 2713 1.
945 2674 1041 2715 233.
1062 2684 1128 2726 sq.
