2275 3025
662 201 745 253 ΙΝ
778 201 950 254 VAR.
989 196 1222 255 LECT.
1257 203 1538 256 PRAEF.
1809 204 1906 254 357

307 301 506 364 voluit,
541 303 690 353 inter
707 307 810 362 tot,
842 308 957 352 tam
978 313 1202 368 graves,
1233 307 1346 354 tam
1364 303 1702 370 multiplices
1725 317 1908 365 curas,

308 373 601 434 tantopere
643 368 714 419 ad
758 375 879 418 tran
922 369 1218 418 uillitatem
1259 375 1317 420 et
1355 367 1592 420 salutem
1631 369 1906 436 publicam

308 437 681 504 pertinentes,
721 435 874 499 quoti
919 437 971 488 ie
993 441 1174 484 tamen
1198 435 1409 501 aliquid
1428 440 1537 485 tem
1580 438 1696 486 oris
1717 434 1907 484 harum

312 502 513 553 artium
549 500 870 550 tractationi
911 499 1160 550 tribuere
1202 501 1512 551 videamus!
1599 501 1818 552 imirum
1853 509 1910 549 et

310 566 691 633 unusquisque
714 572 962 616 nostrum
985 573 1216 617 naturae
1236 581 1390 629 suae,
1428 574 1489 617 ut
1510 567 1590 617 ait
1606 570 1776 634 poeta
1832 568 1910 616 ui-

301 635 455 695 dam,
495 633 708 682 semina
730 635 1007 698 sequitur:
1043 639 1101 683 et
1131 633 1456 699 quibuscum
1477 633 1572 684 diu
1591 649 1656 684 ac
1676 631 1807 682 fami
1835 633 1911 683 ia-

312 701 450 752 riter
468 699 634 760 vixits
655 712 847 748 eorum
868 711 1052 749 mores
1074 705 1131 749 et
1145 700 1401 750 instituta
1417 701 1639 750 vivendi
1657 698 1826 749 facile
1845 713 1910 748 ac

312 767 553 818 libenter
570 764 835 815 imitatur.
907 765 991 816 Te
1011 779 1144 816 vero
1167 781 1288 816 cum
1311 766 1489 816 omnis
1509 764 1821 816 honestatis
1845 780 1909 814 ac

313 831 603 900 dignitatis
624 831 1083 893 amantissimum,
1123 833 1364 883 omnium
1381 868 1397 895 ‚
1435 846 1577 898 quae
1598 831 1669 883 ad
1691 847 1910 898 compa·

312 900 541 951 randam
570 913 755 949 veram
782 912 848 949 ac
882 898 1119 949 solidam
1147 899 1384 965 gloriam
1409 899 1706 964 pertinent,
1747 911 1908 964 appe-

313 966 680 1016 tentissimum
725 972 924 1015 natura
1006 965 1288 1015 enuisset:
1355 972 1659 1016 consecuta
1707 963 1908 1015 deinde

310 1031 598 1083 Francisci
618 1029 859 1091 Valerii,
898 1029 984 1080 Ga
1009 1030 1206 1080 liarum
1233 1032 1386 1096 regis
1414 1033 1610 1096 optimi
1635 1045 1701 1080 ac
1739 1032 1910 1080 maxi-

312 1101 421 1159 mi,
460 1100 656 1149 intima
673 1096 797 1159 illa,
841 1111 949 1162 qua
968 1104 1056 1147 tot
1072 1110 1248 1146 annos
1270 1112 1402 1146 usus
1435 1112 1521 1158 es,
1561 1094 1906 1148 consuetudo

315 1165 495 1230 magis
516 1166 684 1214 etiam
712 1162 964 1213 incitavit
989 1162 1059 1213 ad
1092 1163 1315 1213 easdam
1344 1162 1471 1213 illas
1501 1165 1642 1224 vias,
1680 1163 1736 1211 in
1773 1175 1910 1228 quas

314 1231 437 1297 ipsa
472 1235 529 1280 te
570 1234 765 1280 natura
784 1228 1115 1290 deduxerat,
1157 1229 1458 1280 animosius
1481 1235 1539 1280 et
1561 1229 1908 1279 constantius

350 1311 474 1348 erse
516 1295 742 1346 uendas.
804 1295 905 1345 llle
925 1292 1180 1346 homines
1201 1295 1452 1346 eruditos
1471 1295 1542 1346 ad
1560 1309 1622 1347 se
1647 1309 1716 1346 ex
1738 1295 1908 1345 omni-

351 1380 415 1414 us
436 1377 500 1414 or
539 1363 588 1412 is
617 1368 887 1412 terrarum
915 1362 1191 1428 partibus,
1234 1362 1576 1428 amplissima
1604 1376 1795 1412 eorum
1827 1360 1908 1411 in-

311 1430 558 1482 dustriae
581 1429 828 1494 praemia
846 1434 1123 1491 statuens,
1166 1429 1524 1481 convocabat.
1596 1428 1748 1480 ldem
1768 1427 1907 1479 illud

311 1495 621 1562 exemplum
658 1497 767 1547 iam
806 1494 1010 1547 dudum
1045 1495 1211 1547 ltalia
1248 1501 1334 1561 te,
1372 1497 1612 1549 maxima
1648 1512 1774 1548 cum
1810 1495 1908 1546 tua

310 1563 495 1625 laude,
513 1569 870 1613 renovantem
888 1564 1156 1613 intuetur.
1224 1562 1304 1613 Ad
1324 1565 1568 1630 regalem
1588 1563 1740 1614 illius
1759 1576 1906 1612 men·

312 1645 429 1680 sam
465 1643 574 1678 non
596 1628 766 1677 ullum
789 1641 1047 1677 acroama
1075 1635 1174 1678 aut
1200 1628 1462 1679 libentius
1479 1664 1494 1690 ,
1534 1634 1632 1679 aut
1662 1642 1758 1678 sae
1799 1629 1905 1689 ius,

312 1709 472 1760 quam
491 1707 601 1742 vox
620 1692 855 1741 alicuius
877 1690 1082 1741 eruditi
1104 1690 1340 1742 hominis
1362 1693 1704 1744 audiebatur.
1764 1738 1766 1740 ,
1811 1708 1905 1758 pu-

310 1760 401 1809 lae
422 1770 641 1823 quoque
664 1762 794 1806 tuae
816 1756 1067 1822 quotidie
1088 1756 1241 1808 nulla
1258 1771 1318 1807 re
1351 1758 1555 1825 magis,
1594 1774 1755 1825 quam
1783 1774 1904 1824 gra-

310 1824 553 1875 vissimis
574 1828 631 1871 et
651 1821 1065 1872 honestissimi!
1078 1824 1319 1873 virorum
1342 1824 1596 1876 doctrina
1623 1830 1904 1891 praestan-

310 1891 446 1940 tium
478 1888 828 1939 sermonibus
855 1888 1207 1939 condiuntur.
1276 1888 1380 1941 Ille
1406 1892 1580 1958 igitur
1598 1891 1665 1942 ad
1688 1898 1902 1942 ceteras

310 1971 441 2007 suas
464 1954 656 2005 laudes
676 1968 797 2039 eam
818 1954 1049 2017 addidit,
1089 1970 1200 2022 qua
1217 1955 1395 2019 nulla,
1431 1973 1556 2009 meo
1582 1958 1802 2024 quidem
1823 1960 1903 2009 iu-

313 2021 481 2083 dicio,
535 2023 711 2071 maior
744 2026 860 2083 est,
914 2020 1067 2071 nulla
1100 2022 1477 2087 praeclarior,
1533 2030 1592 2075 ut
1628 2027 1902 2076 communi

312 2088 555 2138 omnium
592 2087 919 2153 populorum
954 2102 1231 2139 consensu
1249 2088 1580 2141 Litterarum
1609 2090 1776 2142 Pater
1806 2106 1902 2142 no-

311 2155 630 2204 minaretur.
693 2153 843 2204 ldem
865 2153 1002 2205 illud
1024 2169 1332 2220 cognomen
1352 2156 1458 2207 tibi
1477 2159 1619 2225 apud
1642 2165 1900 2225 posteros

312 2220 577 2270 tributum
597 2219 668 2268 iri
681 2255 697 2279 ,
736 2219 911 2270 cuivis
931 2220 1198 2286 perfacile
1221 2229 1326 2283 est,
1365 2225 1460 2290 qui
1479 2232 1628 2275 tuam
1650 2238 1785 2291 erga
1803 2222 1900 2273 ho-

311 2288 487 2337 mines
508 2284 818 2335 liberalium
841 2288 1039 2336 artium
1062 2288 1139 2339 sci
1148 2289 1298 2339 entia
1317 2290 1570 2340 excultos
1589 2290 1900 2343 munificam

349 2351 581 2417 laneque
620 2350 828 2417 regiam
859 2352 1197 2405 voluntatem
1230 2368 1296 2405 co
1343 2356 1582 2417 noverit,
1621 2359 1899 2422 augurari.

308 2368 427 2469 Kos
447 2418 679 2478 interea,
719 2417 811 2483 qui
834 2432 933 2484 per
949 2425 1006 2469 te
1028 2417 1134 2470 hoc
1155 2421 1273 2471 otio
1317 2422 1544 2484 ruimur,
1585 2436 1799 2475 omnem
1822 2424 1900 2473 in-

310 2485 577 2537 dustriam
602 2499 669 2535 eo
692 2482 947 2535 conferre
969 2493 1217 2552 oportet,
1237 2494 1314 2547 ut,
1339 2502 1661 2555 quacunque
1681 2491 1900 2541 ratione

310 2565 635 2620 possumus,
672 2548 930 2601 heroicas
962 2565 1028 2602 ac
1063 2566 1237 2618 prope
1265 2552 1480 2605 divinas
1515 2556 1747 2607 virtutes
1776 2566 1898 2607 tuas

310 2618 461 2668 omni
481 2630 686 2684 genere
706 2618 1166 2668 monimentorum
1190 2618 1258 2669 ad
1279 2620 1643 2672 immortalem
1664 2627 1888 2689 posteri-

310 2683 441 2735 tatis
470 2682 791 2751 memoriam
823 2696 1239 2736 consecremus:
1281 2701 1391 2738 non
1425 2689 1572 2754 quod
1589 2703 1770 2740 rerum
1793 2704 1821 2737 a
1843 2698 1899 2740 te
