2275 3025
601 181 862 236 EPIST.
896 180 1046 233 Lm.
1085 182 1197 234 111.
1234 183 1352 235 ΕΡ.
1387 174 1474 236 lv
1751 183 1852 236 213

252 282 533 350 gligenter
551 283 759 334 factum
783 288 889 344 est,
926 289 988 332 ut
1005 297 1092 332 me
1117 283 1372 334 omnibus
1388 283 1646 349 pessimis
1667 297 1851 339 exem-

250 350 359 415 plis
398 349 691 402 multatum
730 350 887 399 velit.
957 347 1015 399 Si
1092 350 1189 400 uid
1210 350 1404 414 culpae
1427 356 1530 410 est,
1574 365 1607 400 a
1633 350 1848 415 Lepido

252 421 360 466 est:
402 431 732 484 quamquam
768 414 930 466 huius
970 415 1063 466 nul
1090 429 1176 464 am
1215 415 1392 466 fuisse
1415 417 1656 482 culpam,
1694 425 1848 466 certo

250 483 391 534 scio.
464 482 630 543 Quod
667 495 775 548 ego
813 487 893 542 te,
929 483 1007 532 mi
1032 483 1278 542 Manuti,
1316 495 1418 561 per
1453 482 1676 549 genium
1694 492 1850 534 tuum

246 563 456 616 perque
479 549 633 599 illam
670 548 961 598 maximam
1002 555 1059 598 et
1079 551 1484 602 sanctissimam
1507 549 1852 602 coniunctio·

246 629 375 665 nem
395 619 661 675 nostram,
684 628 845 680 quam
866 628 971 680 ego
994 629 1216 681 semper
1236 631 1448 666 summa
1474 616 1582 666 fide
1614 620 1672 665 et
1699 615 1847 665 colui

248 687 307 732 et
353 681 551 741 colam,
592 680 825 731 obsecro
868 687 926 730 et
966 681 1238 744 obtestor,
1273 682 1509 748 primum
1544 688 1605 732 ut
1633 681 1850 742 credas,

245 745 391 797 nihil
422 761 457 796 a
486 761 577 797 me
612 748 963 798 commissum
998 762 1157 811 esse,
1199 763 1298 798 eur
1323 749 1438 798 ulla
1457 749 1548 799 vel
1567 748 1852 800 levissima

249 812 447 877 culpae
470 814 713 880 suspicio
736 815 795 880 in
814 828 903 865 me
924 813 1157 866 haerere
1178 815 1640 878 debeat3deinde,
1659 820 1720 865 ut
1741 812 1849 864 hoc

246 878 355 930 tibi
374 881 854 946 persuasissimum
869 883 959 942 sit,
971 888 1184 932 tantum
1204 895 1292 931 me
1315 897 1384 932 ex
1403 881 1508 932 hac
1522 897 1582 931 re
1594 882 1848 934 dolorem

247 947 593 1012 percepisse,
634 954 897 1015 quantum
932 962 1111 1015 neque
1151 947 1301 998 ferre
1339 949 1628 999 moderate
1666 962 1847 1015 neque

246 1013 365 1064 ullo
386 1014 553 1066 modo
576 1016 885 1080 exprimere
913 1027 1159 1080 possum.
1231 1013 1520 1065 crastinae
1545 1021 1674 1064 tuae
1700 1014 1849 1062 litte-

247 1093 345 1132 rae
364 1095 454 1130 me
473 1087 569 1130 aut
589 1081 924 1132 recreabant
950 1087 1049 1130 aut
1084 1079 1401 1133 conficient.
1469 1080 1608 1132 Nam
1635 1081 1685 1131 si
1709 1079 1852 1130 folia

246 1145 349 1197 illa
367 1148 449 1197 ita
466 1147 703 1212 tempori
726 1152 1060 1212 recuperata
1076 1147 1210 1208 sint,
1245 1152 1309 1197 ut
1343 1151 1407 1197 tu
1445 1145 1585 1203 nihil
1611 1161 1682 1200 ex
1698 1160 1770 1196 ea
1787 1159 1850 1196 re

247 1213 569 1264 detrimenti
590 1213 832 1277 ceperis,
871 1212 1228 1275 reviviscann
1269 1214 1358 1264 sin
1379 1228 1542 1266 secus
1563 1212 1850 1274 acciderit,

246 1294 361 1328 non
385 1278 581 1328 dubito
597 1314 613 1340 ,
651 1279 780 1346 quin
803 1293 872 1330 ex
890 1279 1087 1331 dolore
1121 1281 1179 1330 in
1201 1294 1426 1346 gravem
1446 1278 1686 1350 aliquem
1705 1291 1856 1330 mor..

245 1343 378 1396 bum
395 1344 653 1396 incidam.
722 1345 900 1397 Filius
942 1353 1072 1398 tuus
1107 1345 1232 1398 heri
1268 1362 1428 1398 mane
1458 1346 1722 1398 discessit
1740 1359 1852 1397 una

188 1468 193 1473 ,
246 1425 374 1464 cum
391 1411 681 1478 magistro.
751 1411 996 1480 Uterque
1034 1426 1071 1462 a
1100 1427 1189 1464 me
1217 1427 1319 1480 pro
1347 1413 1560 1466 viribus
1591 1413 1768 1466 amice
1791 1419 1849 1462 et

248 1477 549 1545 diligenter
578 1485 802 1531 curatus
834 1485 939 1533 est.
1010 1479 1178 1532 Visus
1217 1486 1306 1533 est
1325 1479 1461 1531 mihi
1493 1479 1657 1548 plane
1677 1479 1852 1546 depo-

247 1546 429 1597 suisse
459 1546 612 1599 illam
630 1546 813 1599 'animi
843 1546 1227 1608 ferocitatem,
1264 1563 1406 1614 quae
1429 1546 1757 1614 aliquando,
1777 1559 1848 1595 ne

245 1626 360 1663 una·
397 1627 521 1663 cum
560 1618 745 1665 aetate
778 1619 1147 1676 accresceret,
1185 1613 1541 1667 subverebar.
1609 1612 1846 1663 Tentavi

246 1677 547 1741 etiam,sed
567 1679 787 1741 levi-ter,
796 1693 939 1745 quos
956 1692 1058 1743 pro
1132 1693 1292 1731 essus
1302 1678 1602 1729 fecissetin
1621 1676 1850 1729 litteris.

240 1743 347 1795 Vis
387 1750 579 1809 aperte
601 1736 798 1795 *tecum
836 1743 1055 1795 fabuler
1128 1744 1294 1796 Visus
1335 1749 1423 1795 est
1453 1741 1590 1794 mihi
1627 1743 1851 1793 doctior

240 1812 517 1876 magistro
540 1826 663 1861 suo.
702 1809 814 1862 Sed
838 1825 962 1861 cum
982 1810 1193 1876 cogito,
1216 1809 1440 1861 litterae
1458 1816 1586 1860 tuae
1607 1824 1694 1864 me
1717 1824 1849 1859 con·

240 1876 487 1932 turbant.
561 1874 771 1928 Scribis
808 1876 987 1937 enim,
1025 1882 1097 1927 ut
1124 1876 1195 1927 ad
1228 1883 1284 1929 te
1319 1876 1388 1927 de
1424 1876 1602 1927 filiolo
1627 1883 1724 1927 tuo
1745 1875 1848 1927 ali·

242 1942 376 2009 quid
400 1942 654 2003 scribam,
696 1943 855 2007 quasi
896 1948 1061 1993 antea
1080 1943 1223 1995 nihil
1254 1944 1600 2011 scripserim;
1642 1942 1846 1995 deinde

237 2008 551 2075 respondes
574 2008 643 2059 de
670 2008 814 2060 libro
839 2008 1112 2063 Lambini.
1181 2011 1346 2077 Atqui
1365 2026 1502 2077 ego,
1537 2010 1734 2077 quibus
1755 2008 1846 2061 lit-

237 2076 435 2137 teris*)
459 2074 530 2125 ad
550 2081 607 2126 te
636 2075 703 2127 de
725 2076 983 2136 laambini
1001 2077 1149 2129 libro
1172 2072 1530 2143 scrip‘seram,
1551 2078 1752 2129 iisdem
1775 2076 1844 2126 de

240 2140 423 2193 filiolo
467 2148 563 2193 tuo
610 2144 940 2209 scripseram
978 2144 1171 2197 multa.
1241 2144 1434 2212 ltaque
1471 2142 1616 2196 hunc
1638 2144 1848 2193 nodum

238 2216 353 2260 non
375 2223 602 2275 possum
624 2210 951 2263 dissolvere.
1020 2209 1164 2263 Nam
1183 2212 1332 2278 quod
1353 2211 1426 2262 ad
1445 2211 1610 2261 finem
1633 2206 1846 2259 iocula-

238 2276 381 2327 riter
400 2277 616 2338 scribis,
642 2293 745 2329 nos
767 2276 980 2344 aliquid
1000 2292 1147 2339 esse,
1172 2278 1370 2344 quibus
1391 2274 1846 2341 nequeTirones,

240 2356 421 2409 neque
438 2342 701 2396 Alffides
709 2348 787 2411 *Ἴ
810 2344 1018 2397 desint:
1038 2344 1189 2395 adid
1210 2359 1318 2411 ego
1338 2357 1483 2395 nunc
1502 2339 1844 2406 respondere

296 2463 359 2570 ¹:¹3
388 2462 769 2562 ἓξὲἔυέἰῖιῖιῗὲιὶίἴ
784 2519 1069 2561 amanuensis
1089 2519 1201 2568 fuit.
1234 2517 1398 2559 Alexis
1414 2512 1658 2571 Pomponii
1679 2516 1842 2559 Attici.

236 2571 457 2617 Alexidis
478 2579 627 2617 autem
648 2576 828 2617 nomine
852 2573 1115 2623 Molinium,
1138 2574 1330 2616 Tironis
1362 2570 1606 2615 Herculem
1635 2572 1842 2614 Podou-

236 2627 421 2739 18ιέτὲιέ
434 2630 665 2727 {contiguum
686 2627 816 2672 illum
836 2628 1031 2680 Murato,
1050 2628 1170 2673 hune
1185 2628 1279 2671 silvi
1297 2641 1325 2671 a
1343 2628 1562 2671 manibus.
1612 2626 1840 2673 Thomas.
