2275 3025
588 156 843 209 EPIST.
878 156 1029 209 LlB.
1062 156 1105 211 l.
1139 160 1258 213 ΕΡ.
1293 160 1518 213 XXIX.
1774 159 1840 211 49

645 290 872 343 XXIX.
911 305 1123 343 arnan
1161 308 1366 345 cANAN
1380 308 1430 345 0.

333 356 410 443 Ο
432 394 647 444 tristem
665 392 826 443 nobis
849 396 905 441 et
929 392 1184 443 acerbum
1212 393 1454 444 nuntium
1476 392 1541 443 de
1562 393 1713 461 Rege
1732 392 1781 445 N
1785 409 1836 443 a·

257 460 482 511 varrae!
521 459 692 519 Quem
713 473 814 509 nos
836 457 924 509 hic
945 461 1052 510 etsi
1069 472 1455 524 acceperamus
1474 474 1542 509 ex
1570 460 1715 522 aliis,
1754 476 1838 511 su·

261 527 639 578 stentabamur
655 531 837 577 tamen
860 526 1044 592 aliqua
1061 540 1178 591 spe,
1200 526 1376 576 donec
1394 526 1593 577 allatae
1615 532 1740 577 sunt
1758 527 1843 578 lit-

261 601 420 645 terae
458 598 606 644 tuae.
676 592 825 653 Quas
863 607 967 659 ego
999 598 1259 659 utrasque
1292 592 1412 644 heri
1438 593 1655 658 vesperi
1691 607 1842 642 acce-

263 667 390 729 ptas
429 661 823 711 communicavi
850 675 971 727 cum
999 659 1251 710 omnibus
1278 662 1506 711 nostris:
1546 674 1723 726 neque
1753 671 1843 709 eo-

264 742 387 779 rum
412 726 535 792 quis
575 740 700 777 uam
719 725 846 786 fuit,
883 728 972 792 qui
995 728 1203 777 nonita
1222 734 1375 777 certo
1398 732 1694 789 statueret,
1724 740 1845 777 cum

265 800 327 843 tu
346 793 424 843 ita
444 793 550 843 scri
594 806 714 843 eres
729 829 743 855 ,
763 793 884 842 fieri
904 794 1064 843 aliter
1079 809 1193 844 non
1211 808 1377 859 posse
1390 831 1404 856 ‚
1426 796 1553 861 quin
1572 795 1733 861 plane
1753 794 1845 844 de-

266 861 486 925 plorata
505 865 653 909 esset
673 860 865 925 optimi
885 866 941 909 et
957 859 1363 926 religiosissimi
1384 860 1655 927 Principis
1676 860 1843 911 salus.

268 926 438 977 Cuius
455 926 678 976 interitu
691 932 944 993 quantam
965 926 1181 992 plagam
1194 926 1393 989 Gallia,
1408 935 1658 994 quantam
1680 941 1847 979 causa

269 992 558 1057 religionis
581 992 880 1059 acceperit,
903 1007 1118 1050 vereor,
1139 1008 1207 1043 ne
1226 994 1413 1058 paucis
1434 992 1626 1043 diebus
1647 1007 1843 1060 magno

269 1066 465 1110 nostro
484 1058 628 1109 malo
649 1061 967 1109 sentiamus.
1036 1059 1117 1108 En
1141 1074 1279 1125 quos
1300 1058 1509 1110 fructus
1530 1060 1717 1110 civilia
1732 1058 1845 1109 hel-

267 1124 330 1175 la
341 1125 578 1192 pariant!
615 1125 740 1175 Hoc
762 1140 925 1175 unum
943 1126 1178 1175 miserae
1202 1125 1416 1176 Galliae
1437 1125 1681 1176 restabat
1696 1126 1847 1185 mali,

271 1198 332 1241 ut
349 1197 567 1242 veteres
597 1191 722 1241 illas
741 1188 1034 1241 'l‘hebanas
1057 1191 1397 1242 calamitates
1427 1192 1480 1241 in
1502 1207 1603 1242 suo
1632 1190 1848 1259 sangui·

270 1272 339 1308 ne
357 1264 650 1308 renovatas
669 1256 898 1309 videret.
970 1258 1113 1318 Quid
1135 1259 1278 1309 enim
1295 1259 1558 1309 interest?
1578 1260 1683 1309 nisi
1700 1257 1849 1325 ‘quod

236 1348 244 1357 -
271 1324 388 1375 illic
409 1323 678 1375 eiusmodi
697 1322 898 1375 fratres
919 1325 1351 1388 contendebant,
1373 1333 1432 1376 ut
1450 1332 1627 1377 utrum
1665 1338 1736 1375 ue
1764 1340 1849 1376 ca-

273 1390 406 1441 dere
427 1390 736 1457 expediret3
776 1392 924 1457 quod
944 1398 1000 1442 et
1027 1393 1283 1461 contigit:
1325 1391 1413 1443 hic
1444 1408 1564 1444 cum
1586 1408 1615 1443 e
1674 1391 1849 1443 uobus

270 1455 532 1508 fratribus
553 1457 693 1508 alter
713 1472 900 1508 errore
921 1460 1116 1512 ductus
1149 1466 1206 1512 et
1224 1460 1379 1528 quasi
1400 1460 1715 1528 praestigiis
1736 1458 1850 1526 qui-

269 1523 501 1576 busdam
527 1533 878 1586 occaecatus,
919 1532 1111 1576 contra
1141 1528 1397 1592 patriam,
1437 1528 1693 1594 quodque
1729 1541 1849 1592 gra·
1886 1569 1899 1584 ,

273 1593 396 1642 vius
417 1597 518 1653 est,
538 1598 730 1642 contra
740 1591 916 1643 Deum
936 1607 1085 1643 arma
1107 1591 1278 1656 ferat3
1298 1593 1441 1643 alter
1459 1592 1599 1642 nihil
1616 1607 1853 1658 unquam

273 1657 528 1708 habuerit
549 1659 824 1726 antiquius
839 1695 852 1719 ,
887 1674 1048 1725 quam
1068 1665 1127 1707 ut
1149 1665 1204 1708 et
1222 1659 1446 1708 fratrem
1468 1658 1761 1708 reduceret
1797 1663 1853 1708 et

272 1724 472 1775 famam
505 1732 775 1792 caputque
801 1725 952 1775 illius
977 1724 1158 1776 modis
1188 1724 1433 1775 omnibus
1480 1730 1851 1775 conservaret:

278 1792 328 1840 ei
357 1792 526 1843 allata
551 1806 659 1843 nex
677 1800 788 1853 est,
827 1793 984 1842 cuius
1020 1793 1075 1841 in
1108 1793 1221 1840 vita
1247 1797 1304 1840 et
1331 1789 1575 1841 fraterna
1611 1790 1759 1842 salus
1798 1796 1854 1841 et

273 1873 474 1925 magna
499 1873 567 1909 ex
594 1863 747 1924 parte
775 1857 951 1908 totius
977 1858 1136 1923 regni
1162 1857 1528 1926 tranquillitas
1560 1858 1852 1910 nitebatur.

280 1924 518 1986 Quodsi,
547 1926 637 1991 qui
659 1939 758 1990 pro
778 1925 957 1988 patria
986 1924 1308 1976 dimicantes
1330 1933 1559 1978 mortem
1580 1928 1854 1994 oppetive-

279 1998 430 2053 runt,
468 2004 662 2042 eorum
685 1991 1002 2042 memoriam
1035 2007 1244 2044 summo
1276 2007 1396 2043 cum
1423 1991 1633 2044 honoro
1666 1996 1853 2058 omnes

280 2058 407 2108 anni
427 2063 829 2125 consequentes
853 2059 1156 2126 excipiunt3
1194 2060 1241 2110 si
1264 2064 1575 2113 consecrari
1600 2076 1665 2112 ac
1682 2075 1853 2127 prope

281 2125 480 2176 divinis
500 2124 802 2178 honoribus
821 2127 963 2176 affici
985 2133 1110 2194 post
1128 2135 1359 2180 mortem
1381 2128 1580 2190 solent,
1594 2128 1688 2193 qui
1704 2125 1855 2178 Chri·

279 2192 492 2242 stianae
522 2192 811 2259 religionis
843 2192 1221 2264 defensionem
1248 2195 1365 2246 vita
1393 2195 1500 2245 sibi
1528 2196 1767 2260 priorem
1792 2207 1855 2244 ac

279 2259 554 2326 potiorem
576 2274 699 2310 esse
721 2259 1016 2311 duxerunt:
1057 2276 1196 2327 quos
1222 2262 1442 2312 tandem
1462 2260 1701 2311 honores
1720 2261 1856 2309 satis

281 2326 494 2404 amplos
525 2340 827 2392 congerere
854 2328 1152 2392 posteritas
1178 2327 1235 2377 in
1267 2342 1389 2378 eum
1427 2327 1724 2392 principem
1763 2341 1855 2392 po·

277 2397 436 2455 tent,
475 2393 598 2461 qui,
633 2407 734 2459 pro
756 2408 980 2459 quarum
1007 2409 1188 2444 rerum
1209 2393 1415 2443 utravis
1440 2399 1711 2443 mortuum
1734 2405 1857 2444 csse

279 2459 418 2509 satis
440 2465 525 2510 est
545 2459 614 2510 ad
631 2459 1093 2510 immortalitatem
1104 2459 1648 2525 comparandam‚pro
1673 2467 1858 2510 earum

279 2531 514 2592 utraque
531 2541 799 2592 pugnans,
820 2527 1000 2577 anima
1019 2526 1289 2592 spoliatus
1312 2523 1426 2574 est'!
1444 2524 1600 2574 Nunc
1619 2525 1717 2575 ille
1738 2539 1858 2574 cae-

279 2591 339 2642 lo
355 2600 634 2658 receptus,
656 2607 725 2643 ex
742 2593 856 2642 alto
875 2607 966 2642 res
985 2589 1296 2642 mortalium
1318 2583 1578 2656 despicit3
1614 2595 1671 2638 et
1687 2596 1748 2638 ut
1766 2603 1859 2636 nu-

279 2673 380 2724 per
407 2661 764 2718 auctoritate,
803 2658 1056 2719 consilio,
1095 2671 1257 2706 manu
1299 2667 1637 2705 communem
1661 2653 1767 2702 Dei
1804 2653 1861 2697 et

359 2736 623 2786 ΜυιιΕτ.
659 2732 765 2784 Er.
1186 2772 1199 2780 .
1484 2722 1535 2770 D
