2275 3025
526 124 792 178 EPIST.
828 123 982 176 1218.
1020 125 1125 176 111.
1163 127 1289 178 ΕΡ.
1327 125 1573 180 LXXX.
1703 137 1720 144 “
1755 123 1852 177 313

248 222 580 276 sessionem.
650 223 871 274 Etenim
900 237 1039 288 quae
1076 226 1215 273 meri
1243 221 1380 274 facti
1413 229 1556 285 sunt,
1585 213 1702 274 noti
1721 225 1851 276 dici-

247 304 374 340 mur
396 291 712 355 acquirere,
752 292 815 336 ut
846 302 1008 336 nemo
1050 288 1252 338 dicitur
1282 289 1570 354 acquirere
1602 291 1852 340 traditio·

252 369 397 418 nem,
421 356 531 405 etsi
549 353 852 405 traditione
887 352 1097 419 aliquid
1125 353 1446 418 acquiritur.
1513 356 1583 404 At
1610 369 1720 404 non
1740 360 1854 405 tan·

254 425 372 472 tum
400 421 639 470 dicimur
666 417 953 482 acquirere
987 419 1197 485 aliquid
1227 419 1612 485 possessione,
1663 420 1763 470 sed
1799 427 1855 472 et

257 487 434 552 ipsam
454 483 870 550 possessionem
894 499 958 534 ac
998 485 1199 535 uirere.
1273 485 1375 535 Est
1403 486 1576 551 igitur
1595 486 1651 535 in
1675 501 1741 534 ea
1761 486 1856 536 ali-

259 551 393 628 quid
422 549 588 606 facti,
632 552 719 598 est
746 551 909 601 etiam
938 566 968 600 a
992 551 1147 618 iquid
1173 551 1328 602 iuris.
1402 551 1513 604 Sed
1541 551 1856 617 scrupulum

258 615 359 664 tibi
382 629 496 664 non
517 614 791 665 immerito
809 616 989 668 iniicit
1009 618 1072 668 L.
1096 617 1524 669 Possessionem
1551 616 1621 668 D.
1642 615 1750 667 hoc
1769 619 1855 668 tit.

260 681 727 810 ῗῗυῗὲιῗῖἰὲοᾱαέ
756 681 1119 816 {iffi-3⁶:22³
1131 682 1858 816 33212252’53‘53322321-53

313 781 327 795 ⁰
613 781 629 807 2
954 787 967 800 ν
1090 789 1103 802 .
1266 789 1279 803 .
1841 787 1854 800 0

260 809 399 862 Nam
429 811 523 876 qui
548 810 759 876 dicunt,
800 830 921 866 eam
950 833 1060 868 non
1088 817 1159 868 de
1185 819 1542 882 possessione
1565 817 1733 877 civili,
1757 813 1856 866 sed

263 877 331 927 de
357 876 677 930 detentione
696 879 886 932 Asinia
910 881 1091 949 loqui,
1116 896 1332 942 eorum,
1364 888 1427 933 ut
1451 899 1608 933 suum
1632 883 1856 932 verbum

263 941 343 993 eis
364 943 627 1006 referam,
659 946 821 1012 plane
852 948 1067 998 asinina
1093 949 1372 1014 expositio
1402 956 1504 999 est.
1579 948 1856 1015 Pupillum

261 1010 383 1060 sine
401 1016 587 1060 tutore
610 1018 839 1062 auctore
869 1027 981 1063 non
1007 1028 1176 1079 posse
1204 1015 1581 1064 conditionem
1602 1030 1754 1064 suam
1775 1014 1853 1063 ul·

258 1074 394 1126 lain
413 1090 474 1126 re
498 1075 833 1127 deteriorem
851 1076 1057 1139 facere,
1079 1069 1377 1130 indubitati
1396 1080 1533 1129 iuris
1555 1087 1657 1130 est.
1727 1080 1853 1130 Hoc

261 1155 384 1192 cum
406 1142 637 1192 doceret
658 1141 911 1204 Sabinus,
936 1143 1174 1207 dixerat,
1195 1145 1462 1212 pupillum
1484 1161 1660 1214 neque
1683 1146 1854 1198 domi-

208 1213 217 1218 ’
258 1208 409 1258 nium
448 1222 625 1274 neque
646 1211 1057 1275 possessionem
1082 1227 1252 1278 posse
1273 1213 1551 1275 amittere,
1581 1214 1690 1265 nisi
1711 1219 1853 1264 tuto-

256 1288 320 1324 re
357 1280 604 1326 auctore.
676 1275 809 1326 Cum
851 1275 957 1327 hoc
995 1279 1285 1330 obscurius
1327 1279 1533 1330 dictum
1572 1282 1854 1333 videretur

257 1340 514 1406 Ulpiano,
534 1341 591 1392 in
611 1343 759 1393 notis
780 1341 847 1393 ad
871 1342 1131 1398 Sabinum
1153 1346 1392 1410 addidit,
1415 1362 1524 1398 non
1544 1361 1712 1416 posse
1734 1347 1849 1415 qui-

256 1405 380 1458 dem
399 1407 665 1488 pupillum
688 1409 897 1474 animo,
920 1412 979 1463 id
1005 1420 1118 1477 est,
1147 1416 1434 1466 voluntate
1468 1429 1570 1465 sua
1596 1417 1852 1466 amittere

252 1487 689 1555 possessionem:
745 1492 888 1539 nam,
928 1481 1144 1531 etiamsi
1186 1479 1324 1531 velit
1364 1494 1484 1529 eam
1513 1482 1768 1529 amittere
1797 1481 1854 1523 et
1891 1507 1903 1512 -

249 1556 310 1590 ιη
334 1540 498 1593 alium
519 1542 841 1603 transferre,
862 1542 1000 1592 nihil
1021 1547 1167 1610 agit3
1204 1558 1373 1608 posse
1396 1550 1577 1589 tamen
1599 1544 1853 1589 amittere

248 1605 312 1655 id
332 1608 479 1671 quod
500 1613 587 1655 est
605 1606 760 1664 facti,
802 1612 864 1654 ut
894 1608 942 1653 si
974 1622 1073 1669 per
1099 1609 1209 1654 vim
1237 1606 1530 1653 deiiciatur
1561 1604 1629 1649 de
1660 1598 1854 1671 fundu,

252 1684 415 1733 quem
438 1668 713 1733 possiden
753 1668 965 1731 alioqui
985 1669 1130 1716 enim
1151 1669 1209 1715 id
1230 1668 1552 1713 damnosum
1577 1667 1728 1710 esset
1748 1662 1854 1723 ipsi

250 1732 486 1799 pupillo.
560 1732 855 1790 Quomodo
898 1732 1043 1779 enim
1086 1728 1500 1795 possessionem
1553 1723 1854 1775 interdicto

250 1799 555 1861 repeteret,
577 1796 684 1845 nisi
704 1794 1016 1845 amisisset!
1052 1796 1119 1844 At
1140 1807 1275 1843 vero
1297 1790 1541 1842 alienare
1571 1797 1628 1841 et
1668 1790 1852 1841 animo

254 1876 324 1913 ac
342 1862 628 1919 voluntate
650 1876 751 1911 sua
768 1860 1022 1911 amittere
1041 1859 1476 1926 possessionem,
1499 1860 1714 1909 etiamsi
1742 1871 1854 1907 ma·

250 1929 403 1979 xime
421 1927 574 1988 velit,
598 1928 717 1977 sine
738 1929 939 1978 tutoris
959 1926 1292 1978 auctoritate
1315 1940 1422 1975 non
1445 1932 1645 1993 potest,
1669 1931 1727 1975 et
1745 1922 1852 1975 hoc

249 1993 423 2043 modo
438 1993 766 2044 sententiam
780 1993 1202 2045 Sabinianorum
1219 1990 1592 2059 accipiendam
1613 2005 1737 2043 esse
1755 1990 1850 2042 do-

254 2063 349 2110 cet
366 2060 684 2110 Marcianus
705 2060 761 2110 in
782 2062 833 2111 d.
856 2061 892 2111 l.
918 2058 1188 2140 Pupillus.
1257 2058 1415 2110 Haec
1439 2068 1584 2120 sunt,
1613 2060 1688 2111 mi
1709 2058 1850 2108 Con-

252 2126 497 2176 stantine
518 2126 747 2192 optime,
788 2142 928 2193 quae
954 2125 1102 2178 nuhi-
1121 2142 1262 2177 nunc
1330 2126 1512 2177 uidem
1543 2127 1610 2177 de
1631 2139 1847 2192 posses·

252 2190 414 2243 sione
432 2193 490 2242 in
516 2198 753 2245 mentem
778 2200 1070 2245 venerunt:
1107 2194 1269 2260 plura
1321 2198 1536 2244 ortasse
1567 2208 1728 2259 quam
1758 2206 1848 2243 ex-

251 2258 571 2324 spectabas,
612 2260 878 2325 pauciora
902 2266 1080 2324 certe,
1112 2275 1274 2326 quam
1306 2258 1592 2313 habiturus
1623 2275 1766 2319 eras,
1800 2259 1849 2308 si

250 2339 354 2393 per
392 2329 783 2392 occupationes
820 2327 1033 2378 licitum
1076 2334 1244 2378 esset.
1317 2326 1427 2378 Sed
1461 2334 1518 2377 et
1555 2324 1693 2377 haec
1726 2328 1851 2392 ipsa

248 2392 358 2443 tibi
394 2391 585 2441 forsan
622 2394 745 2444 usui
785 2391 973 2443 futura
1013 2409 1123 2444 non
1151 2398 1295 2454 sunt,
1334 2393 1659 2445 melioribus
1681 2392 1848 2441 abun-

252 2458 425 2508 danti.
496 2458 617 2524 Ego
639 2466 821 2524 tamen
844 2460 1042 2525 scripsi
1080 2466 1338 2526 tanquam
1359 2458 1561 2510 futura.
1634 2457 1694 2509 Si
1716 2458 1850 2523 quid

247 2522 490 2591 posthac
528 2522 759 2577 habebis
799 2524 1093 2587 eiusmodi,
1131 2526 1190 2575 in
1210 2540 1318 2591 quo
1343 2539 1512 2590 opera
1532 2531 1588 2573 et
1611 2522 1848 2573 consilio

246 2605 379 2642 meo
400 2603 567 2657 egere
585 2595 765 2643 tumet
783 2589 885 2640 tibi
915 2590 1219 2653 videberis,
1255 2605 1343 2641 me
1371 2602 1590 2656 semper
1617 2588 1850 2655 paratis-
