2275 3025
381 172 446 223 88
656 195 658 197 v
911 166 986 218 M.
1022 169 1083 219 A.
1120 168 1437 221 MURETI

379 270 452 323 Et
482 275 688 329 tamen,
721 268 766 319 si
801 280 930 318 vera
963 267 1196 319 dicenda
1224 274 1375 330 sunt,
1402 266 1582 319 fatear
1602 282 1831 321 neeesse
1852 276 1959 335 est,

378 335 828 388 iucundissimum
857 334 988 386 mihi
1015 335 1217 399 fuisse,
1248 338 1396 403 quod
1426 348 1496 386 ex
1524 336 1859 388 littei-istuis
1879 340 1961 389 in·

378 403 596 463 tellexi,
625 401 978 453 vehementer
1005 401 1253 454 doluisse
1274 409 1360 465 te,
1390 416 1511 453 eum
1538 406 1770 467 primum
1790 404 1859 455 de
1878 406 1960 455 in-

379 469 694 522 valetudine
739 478 862 520 mea
907 470 1136 523 nuncius
1180 470 1325 520 istuc
1368 470 1565 520 allatus
1604 476 1706 520 est.
1778 470 1959 522 Dolor

383 538 525 589 enim
563 536 660 587 ille
699 536 918 587 aliunde
957 550 1118 605 quam
1150 536 1219 586 ab
1246 536 1451 587 eximio
1491 536 1725 603 quodam
1770 552 1958 589 amore

383 620 517 673 erga
545 617 633 655 me
664 610 760 654 tuo
790 604 1068 669 proficisci
1106 616 1217 652 non
1240 605 1443 669 potum
1481 610 1539 653 et
1552 602 1712 666 mihi,
1756 619 1826 655 ex
1847 618 1957 671 quo

376 679 436 723 te
456 672 682 739 primum
703 670 835 732 vidi,
857 674 1020 736 atque
1045 682 1113 719 ex
1132 670 1259 719 aliis
1274 671 1527 736 plurimis
1548 670 1749 733 audivi,
1772 686 1879 737 qua
1896 677 1961 722 tu

380 738 690 791 eruditione
722 750 788 787 ae
826 737 1028 788 virtute
1065 736 1153 785 vir
1183 750 1363 799 esses,
1400 734 1539 787 nihil
1570 740 1808 803 optat-ius
1834 737 1960 801 fuit,

381 820 543 873 quam
561 812 624 854 ut
642 803 740 853 abs
755 809 818 853 te
835 813 1062 855 amarer.
1119 802 1232 853 lam
1256 802 1579 869 optabilium
1597 817 1779 855 rerum
1801 804 1977 871 signa'

382 878 546 938 atque
561 875 882 936 argumenta
893 872 1077 921 omnia
1094 870 1333 921 iucunda
1344 884 1467 921 esse
1478 906 1493 931 ,
1516 876 1703 921 notum
1718 877 1821 922 cst.
1878 871 1961 921 ln-

383 936 726 989 credibiliter
741 936 914 1004 igitur
935 939 1187 1005 gravisus
1204 950 1340 1000 sum,
1356 934 1788 1003 Bargelline‚vir
1806 952 1961 1005 prae-

383 1004 908 1066 stantissime5'tanti
922 1018 1008 1057 me
1028 1020 1062 1056 a
1077 1011 1136 1056 te
1158 1002 1279 1055 fieri
1290 1040 1306 1066 ,
1338 1011 1405 1055 ut
1423 1009 1479 1054 et
1496 1004 1785 1055 mirificum
1806 1005 1960 1055 delo-

375 1084 496 1123 rem
516 1072 780 1134 senseris,
809 1082 932 1122 cum
950 1086 1037 1123 mc
1058 1072 1303 1140 graviter
1322 1077 1614 1138 aegrotare
1636 1067 1837 1121 audisti
1851 1105 1868 1132 ,
1902 1078 1963 1121 et

381 1138 718 1192 exhilaratus
747 1138 850 1201 sis,
879 1139 1209 1207 simulatque
1238 1138 1346 1189 Dei
1374 1138 1672 1199 beneflcio,
1710 1138 1959 1189 morbum

381 1206 668 1274 depulsum
693 1218 820 1257 csse
845 1207 1120 1273 cognosti.
1196 1206 1517 1271 Quanquam
1546 1218 1651 1273 ego
1680 1206 1801 1273 ipse
1826 1216 1959 1255 non·

381 1272 510 1325 dum
529 1274 668 1323 satis
687 1274 974 1335 constitui,
997 1279 1177 1324 utrum
1200 1270 1529 1335 mihi-satius
1547 1271 1741 1335 fuerit,
1772 1283 1843 1323 ex
1862 1269 1959 1321 hu·

377 1342 466 1391 ius
496 1341 644 1390 vitae
669 1340 910 1389 miseriis
935 1355 1096 1406 quam
1114 1342 1345 1405 primum
1366 1340 1528 1404 eripi,
1556 1352 1625 1389 an
1644 1340 1851 1390 diutius
1869 1332 1961 1389 hic

379 1416 618 1457 manere.
691 1402 854 1455 certe
881 1406 1052 1467 enim,
1079 1420 1203 1469 enm
1229 1418 1419 1456 omnes
1447 1419 1656 1456 summo
1685 1418 1961 1457 consensu

379 1472 582 1524 medici
619 1472 962 1550 dictitarent,
998 1472 1207 1526 nullam
1230 1484 1403 1538 prop-e
1432 1471 1663 1538 amplius
1690 1472 1962 1540 reliquam

383 1553 510 1592 esse
536 1549 688 1607 spem
716 1537 1003 1590 evadendiz
1039 1541 1118 1592 ita
1148 1551 1237 1592 me
1264 1545 1638 1606 compavaram
1673 1547 1838 1607 atque
1880 1540 1963 1590 ita

382 1609 620 1660 animum
646 1617 1078 1676 composueram,
1117 1613 1183 1658 ut
1198 1619 1377 1673 neque
1396 1619 1635 1674 angerer
1650 1621 1829 1675 neque
1846 1613 1959 1658 ter-

380 1689 536 1728 rerer
552 1675 774 1738 mertis,
793 1680 856 1726 ut
871 1675 1167 1742 putabatur
1179 1711 1194 1738 ,
1220 1673 1553 1726 imminentis
1570 1681 1744 1738 metm
1781 1688 1958 1742 neque

382 1743 675 1811 quidquam
703 1741 851 1793 aliud
871 1755 904 1794 a
921 1742 1044 1793 Deo
1067 1749 1310 1811 peterem
1323 1779 1338 1805 ,
1368 1753 1528 1810 quam
1546 1747 1613 1793 ut
1630 1755 1841 1794 mecum
1858 1742 1956 1792 mi-

379 1810 736 1861 sericorditer
781 1815 994 1876 ageret,
1054 1808 1395 1863 condonaret
1438 1817 1624 1861 errata
1670 1815 1957 1860 anteactae

379 1877 526 1926 vitae
549 1884 726 1941 neque
745 1883 1040 1990 ¹fateretur
1065 1889 1157 1928 me
1175 1879 1232 1928 in
1250 1877 1349 1928 illa
1368 1877 1717 1944 separatione
1738 1875 1904 1927 animi
1925 1889 1959 1925 a

381 1953 614 2006 corporo
633 1946 731 1991 aut
783 1943 950 1993 lucius
990 1951 1085 1995 aut
1104 1943 1481 1996 vehementius
1496 1945 1765 2011 torqueri,
1796 1956 1959 2010 quam

381 2007 528 2056 vires
557 2020 712 2056 meac
739 2005 886 2058 ferre
909 2015 1156 2073 possent.
1224 2011 1351 2060 Hoc
1378 2026 1485 2078 ego
1512 2018 1629 2062 tum
1656 2007 1956 2077 unumagl-

381 2073 565 2125 tabam
592 2073 799 2135 anim03
835 2071 941 2125 hoc
968 2089 1039 2124 ex
1063 2077 1246 2125 animo
1275 2078 1565 2142 precabar3
1602 2076 1709 2128 hoe
1738 2083 1957 2127 ceteros

383 2153 616 2208 quoque,
641 2139 733 2206 qui
747 2138 882 2190 mihi
901 2141 1233 2204 assidebant,
1246 2149 1306 2192 ut
1326 2143 1486 2193 aDeo
1510 2141 1640 2194 mihi
1662 2145 1956 2210 impetrare

382 2212 735 2267 conarentur,
783 2205 1156 2258 obsecrabam.
1230 2207 1402 2275 Spero
1447 2216 1657 2274 tamen,
1704 2211 1958 2261 relictum

382 2289 504 2326 esse
524 2289 611 2326 me
633 2289 667 2325 a
681 2273 803 2325 Deo
820 2275 880 2325 in
899 2272 1000 2325 hnc
1030 2275 1171 2337 vita,
1198 2281 1261 2328 ut
1278 2276 1519 2330 maculas
1554 2278 1830 2345 superiori
1866 2291 1957 2340 ae·-

376 2347 492 2391 tate
513 2347 826 2392 contractas
851 2341 1110 2408 lacrymis
1126 2342 1341 2394 deleam
1355 2379 1371 2405 ‚
1388 2344 1714 2412 tandemque
1735 2344 1955 2396 omissis

381 2413 437 2458 et
455 2407 684 2459 abiectis
704 2409 960 2460 vitiorum
977 2403 1279 2472 illecebris,
1298 2410 1492 2461 saltem
1510 2413 1618 2462 iam
1637 2426 1809 2463 senex
1828 2425 1951 2460 eam

375 2474 596 2526 vivendi
614 2475 884 2527 rationem
906 2489 1189 2542 capessam
1203 2514 1218 2540 ,
1242 2491 1401 2543 quam
1416 2484 1608 2529 tenere
1628 2493 1663 2528 a
1678 2477 1949 2543 principio

379 2539 704 2592 debuissem.
773 2544 952 2609 Atque
970 2557 1004 2593 a
1021 2549 1104 2604 te,
1133 2545 1221 2594 vir
1238 2543 1565 2607 clarissime,
1599 2544 1765 2594 etiam
1784 2549 1949 2609 atque

375 2607 542 2658 ctiam
559 2613 714 2674 peto,
743 2615 804 2660 ut
823 2613 909 2660 me
923 2609 1012 2660 ·ad
1031 2608 1136 2661 hoc
1158 2611 1323 2661 animi
1342 2612 1451 2662 mei
1468 2607 1809 2677 propositum
1828 2623 1948 2675 per·

378 2674 738 2742 sequendum,
777 2682 839 2726 ut
878 2677 1128 2747 exemplo
1164 2678 1392 2737 incitas,
1431 2679 1511 2728 ita
1544 2683 1603 2728 ct
1626 2677 1850 2726 monitis
1878 2684 1949 2726 ae
