2275 3025
392 151 493 210 2'68
930 155 1009 209 M.
1046 157 1107 208 A.
1144 155 1366 208 MURE
1379 153 1460 206 TI

392 258 643 310 scribunt
668 255 739 306 ad
769 253 1023 308 homines
1050 257 1355 307 alienarum
1380 269 1564 306 rerum
1585 269 1744 322 quam
1767 271 1997 310 suarum

392 323 756 375 curiosiorem
794 335 919 372 mea
938 323 1161 390 quidem
1181 337 1351 374 causa
1367 322 1548 374 libero
1570 330 1626 372 te
1647 323 1797 373 omni
1816 331 1993 376 metu.

390 390 516 441 Nun
558 404 682 439 uam
722 398 809 438 me
838 390 1128 454 quisquam
1155 390 1216 440 in
1235 385 1374 440 talia
1393 389 1578 439 edicta
1596 389 1861 441 incidisse
1883 393 1996 442 cri·

389 457 539 508 mina
577 457 711 506 itura
767 455 849 505 ita
883 463 1234 522 perspectum
1283 461 1371 506 est
1417 455 1694 516 omnibus,
1748 457 1994 508 omnium

392 522 668 572 eiusmodi
690 535 873 570 rerum
912 522 1290 588 cognitionem
1325 518 1480 582 mihi,
1519 526 1582 571 ut
1620 519 1994 588 Thucydideo
2065 524 2080 530 “

390 587 571 639 verbo·
586 593 729 650 utar,
751 584 1114 652 ἅταλαίπωρσν
1132 588 1332 650 arnust)
1403 585 1516 638 Sed
1529 592 1737 649 tamen,
1769 587 1993 652 (παῤῥη-

394 655 631 704 σιαστέον
648 653 789 718 γὰρ,)
830 653 1028 719 siquid
1047 667 1083 702 a
1098 667 1188 703 me
1209 652 1268 703 in
1298 667 1367 703 eo
1386 657 1675 718 peccatum
1696 659 1800 716 est,
1838 654 1992 720 quod

388 725 449 770 te
475 732 587 769 non
612 719 923 780 inviserim,
960 733 1033 768 ne
1056 725 1118 769 tu
1145 718 1369 786 quidem
1406 720 1567 783 plane
1606 720 1768 784 culpa
1802 731 1990 772 vacas.

390 785 639 838 Potuisti
676 785 822 835 enim
862 783 1085 834 domum
1122 785 1196 835 ad
1231 799 1320 834 me
1355 786 1598 847 mittere,
1637 786 1731 851 qni
1762 784 1898 836 mihi
1917 787 1990 837 de

391 852 631 902 adventu
650 855 753 900 tuo
790 851 1075 902 nuntiaret
1104 851 1516 917 indicaretque,
1555 851 1713 903 cuius
1743 850 1846 902 hos
1887 852 1990 904 'tio

390 918 649 968 utereris.
720 917 1099 980 Aeeurrissem
1136 919 1325 968 statim
1364 917 1436 967 ad
1470 923 1557 979 te,
1605 923 1664 968 et
1698 919 1847 984 quod
1870 918 1994 969 ibet

388 983 578 1049 potius
598 983 972 1034 vadimonium
992 983 1390 1046 deseruissem,
1409 997 1572 1050 quam
1591 990 1656 1034 ut
1674 984 1879 1034 diutius
1901 999 1994 1034 ca-

390 1064 572 1101 rerem
594 1049 957 1116 optatissimo·
986 1049 1137 1112 mihi
1161 1050 1349 1101 fructu
1384 1049 1656 1102 sermonis
1677 1050 1773 1101 tui.
1834 1045 1992 1100 Ἀλλὰ

390 1112 1994 1235 afflat‘fffiiffiffgz’fflc‘zissgi02³5}‘323233‘221232

394 1262 524 1299 esse
542 1249 673 1299 scis.
742 1249 946 1300 Earum
964 1263 1077 1316 ego
1113 1265 1296 1318 neque
1314 1249 1572 1300 volumen
1589 1249 1762 1300 ullum
1792 1248 1994 1312 habeo,

395 1319 471 1375 et,
510 1315 560 1364 si
590 1312 878 1376 haberem,
916 1317 1011 1366 vix
1038 1316 1110 1366 ad
1135 1321 1194 1366 te
1221 1317 1442 1366 mittere
1479 1315 1762 1366 auderem:
1797 1317 1882 1366 ita
1905 1330 1994 1366 me

394 1378 658 1444 dispudet
676 1393 889 1441 eorum,
926 1396 1069 1459 quae
1093 1382 1152 1430 in
1177 1382 1292 1433 illis
1317 1381 1737 1433 innumerabilia
1765 1397 1800 1432 a
1827 1382 1994 1433 libra-

392 1444 495 1496 riis
532 1445 736 1495 vitiose
775 1445 1057 1512 descripta
1092 1453 1238 1500 sunt.
1311 1447 1423 1500 Sed
1459 1448 1602 1498 dabo
1642 1463 1894 1515 operam,
1932 1451 1998 1501 ut

398 1511 808 1581 emendatiores
856 1520 1073 1565 exeant.
1163 1514 1378 1581 Urgent
1425 1515 1570 1566 enim
1637 1531 1702 1566 ae
1767 1514 1998 1566 molesti

396 1584 527 1629 sunt
546 1584 605 1629 et
626 1574 809 1633 „iidem
844 1578 931 1631 illi
958 1585 1016 1631 et
1042 1580 1141 1631 alii
1172 1580 1414 1641 librarii,
1455 1582 1617 1633 ut·ad
1637 1596 1699 1633 se
1720 1583 1860 1633 alias
1882 1581 1997 1647 epi-

394 1645 571 1697 stolas
590 1646 823 1707 mittam,
860 1646 1057 1713 quibus
1093 1647 1240 1699 liber
1274 1647 1540 1714 grandior
1573 1648 1684 1699 fiat.
1757 1648 1995 1699 Omnino

394 1711 694 1763 absurdum
714 1711 849 1764 mihi
871 1719 929 1763 at
969 1728 1037 1765 ue
1068 1714 1312 1765 alienum
1349 1713 1585 1774 videtur,
1623 1714 1860 1781 reperiri
1896 1711 1996 1763 ho-

393 1780 877 1895 mJL'ss'zss'ii‘SssfiJss
905 1780 1258 1898 ῗηῖῗέἓῗὲἱζῖἰ
1273 1779 1996 1906 ῗέἒᾎὲἓξὶἒῗιξῗωέηέξ·

394 1856 469 1959 do
486 1916 673 1959 tamen
693 1910 749 1959 id
771 1862 961 1961 amd’re
981 1902 1222 1979 quodam
1259 1862 1396 1979 erggra
1432 1926 1522 1964 me
1561 1912 1786 1963 adducti
1803 1912 1996 1963 facere

392 1973 677 2040 ridentur,
717 1974 825 2033 (sic
860 1978 1008 2026 enim
1043 1979 1431 2043 interpretor,)
1487 1979 1764 2045 obsequar
1799 1992 1997 2030 eorum

396 2038 583 2090 studio
626 2038 719 2089 vel
745 2054 868 2090 cum
894 2042 1188 2108 dispendio
1216 2043 1427 2106 famae,
1468 2051 1527 2095 et
1552 2052 1616 2096 ut
1651 2046 1734 2096 eis
1755 2048 1997 2097 animum

396 2105 670 2171 expleam,
707 2112 955 2170 repetam
988 2109 1084 2159 diu
1119 2109 1494 2160 intermissam
1534 2112 1997 2165 consuetudinem

394 2170 599 2223 Latine
652 2172 930 2223 interdum
986 2174 1201 2241 aliquid
1259 2176 1330 2226 ad
1375 2178 1585 2229 amicos
1624 2179 1996 2243 scriptitandi.

397 2239 563 2299 Quod
584 2238 678 2305 qui
697 2238 955 2303 legerint,
994 2242 1043 2292 si
1063 2248 1264 2321 postea
1280 2244 1515 2308 periisse
1535 2244 1639 2294 sibi
1661 2249 1878 2309 tempus
1895 2245 1997 2295 do-

396 2305 607 2367 lebunt,
629 2306 793 2372 aequi
812 2312 997 2357 tamen
1009 2306 1153 2357 mihi
1167 2322 1296 2359 esse
1315 2309 1612 2371 debebunt,
1639 2309 1996 2377 qui.ingenue

356 2420 359 2425 .
393 2372 685 2437 profiteor,
706 2371 912 2423 nullam
948 2387 1189 2440 unquam
1216 2388 1354 2425 ame
1379 2376 1677 2441 epistolam
1715 2377 1997 2443 scriptam,

396 2450 558 2501 quam
580 2436 697 2503 legi
718 2452 921 2503 operae
940 2446 1118 2501 esset,
1158 2440 1268 2489 nisi
1309 2441 1482 2492 semel
1502 2443 1570 2492 ab
1592 2456 1688 2503 eo,
1727 2441 1798 2493 ad
1835 2456 1998 2507 quem

397 2498 753 2551 scriberetur.
823 2502 1018 2571 Neque
1048 2520 1158 2573 ego
1191 2520 1516 2573 quemquam
1545 2506 1684 2559 fallo
1722 2515 1820 2559 aut
1840 2508 1998 2559 indu-

450 2592 515 2701 2)
527 2592 678 2689 '¹3¹5'ss
695 2594 910 2692 ii.²i'i1x.
926 2654 1000 2695 σε.
