2275 3025
424 165 492 215 74
955 162 1032 215 Μ.
1069 164 1128 214 Α.
1166 162 1483 215 MURETI

419 262 836 332 philosophiam,
879 279 1035 333 quam
1073 272 1132 315 tu
1153 272 1277 316 ante
1295 264 1500 331 aliquot
1532 278 1699 314 annos
1748 261 2007 315 humana·

429 348 549 383 rum
587 330 884 382 litterarum
927 347 1088 383 eausa
1115 331 1499 393 intermiseras,
1549 339 1598 382 te
1627 331 1907 383 contulisse
1926 346 2008 382 re·

428 415 452 450 s
491 397 653 450 ondit.
713 398 833 463 Qua
848 398 905 450 in
920 415 981 449 re
1001 414 1116 450 cum
1138 408 1285 449 tuum
1291 398 1509 467 factum
1528 397 1855 449 vehementer
1877 412 2008 464 pro·

498 465 572 527 oi,
612 473 722 515 tum
742 474 891 517 ratus
908 481 1048 528 sum,
1089 466 1164 516 ad
1194 466 1425 517 studium
1461 464 1595 517 iuris
1640 464 2009 516 illustrandum

429 532 713 585 niaximum
733 533 1088 588 adiumentum
1108 533 1329 583 allatum
1348 532 1447 596 iri,
1480 532 1529 583 si
1547 541 1693 583 tuum
1722 532 2011 599 exemplum

429 599 584 653 huius
603 599 795 651 aetatis
813 598 1184 651 Iurisconsulti
1199 598 1564 663 imitarentur,
1600 615 1727 667 quos
1747 607 1798 650 et
1819 599 2008 651 barba·-

427 683 612 719 rorum
629 666 973 733 interpretum
989 665 1325 717 inanissimas
1350 666 1734 718 controversias
1762 675 1874 717 toto
1894 665 2007 717 ani·

429 734 505 785 mi
519 733 717 799 impetu
735 732 1032 783 consectari
1056 732 1308 794 videmus,
1348 740 1403 783 et
1420 749 1596 785 omnes
1613 748 1763 784 suum
1780 733 2011 785 studium

432 800 506 851 ad
539 799 826 851 calumnias
862 798 1042 850 litium.
1060 808 1112 851 et
1129 799 1203 850 ad
1226 808 1431 866 turpem
1452 808 1505 850 et
1522 800 1835 851 invidiosum
1853 816 2009 868 quae-

429 875 568 918 stum
590 865 852 935 conferre.
923 866 1029 917 Sed
1045 867 1188 934 quod
1206 866 1452 918 Cuiacius
1471 875 1525 917 et
1542 874 1600 917 tu
1620 868 1851 919 homines
1874 866 2017 918 Galli

429 932 488 984 in
507 933 692 985 studiis
709 933 999 1000 sapientiae
1022 934 1289 986 consec-uti
1308 933 1453 995 estis,
1472 934 1533 984 id
1548 950 1653 985 non
1672 934 1783 985 sine
1800 950 2013 985 munere

432 999 608 1053 divino
629 1000 772 1053 vobis
803 1000 1027 1053 evenisse
1052 1002 1226 1053 credo.
1297 1000 1445 1053 Idem
1472 1000 1667 1053 sentire
1692 1000 1898 1053 videtur
1918 1000 2011 1051 Gi-

423 1066 684 1136 phanius,
711 1066 929 1120 Ouiae-io
970 1067 1313 1121 amicissimus
1338 1077 1391 1120 et
1428 1067 1525 1119 tibi
1560 1068 1873 1119 carissimus.
1944 1066 2012 1119 In

432 1136 534 1187 laac
553 1135 689 1187 enim
715 1145 898 1187 nostra
923 1134 1209 1188 Academia
1235 1135 1502 1187 Patavina
1526 1135 1881 1204 superioribus
1904 1134 2010 1186 die·

434 1203 526 1254 bus
574 1203 675 1266 uit,
702 1211 862 1270 atque
881 1204 942 1253 de
959 1212 1009 1254 te
1025 1201 1233 1270 saepius
1250 1201 1541 1271 honorifice
1557 1204 1801 1281 loquutus
1821 1210 1919 1263 est,
1960 1210 2014 1252 et

432 1285 468 1321 n
543 1285 572 1319 o
591 1269 648 1319 in
662 1285 900 1321 sermone
917 1269 1160 1321 libentius
1179 1285 1295 1321 eum
1311 1269 1517 1323 versari
1530 1268 1659 1331 vids,
1702 1284 1858 1337 quam
1896 1283 2013 1320 cum

433 1336 494 1386 de
511 1335 704 1386 Plauto
723 1337 1054 1404 loqueretur.-
1089 1335 1395 1387 existimans
1413 1329 1633 1397 scilicet,
1657 1337 1798 1403 quod
1814 1352 1895 1388 res
1916 1343 2008 1398 est,

434 1402 559 1453 bene
577 1409 754 1452 actum
773 1418 890 1453 cum
908 1400 1153 1452 studiosis
1174 1402 1473 1453 litterarum
1475 1400 1633 1471 sore,
1654 1402 1702 1453 si
1720 1412 1829 1453 tam
1848 1403 2012 1453 bonus

431 1467 747 1525 Latinitatis
765 1477 955 1521 auctor
974 1476 1068 1520 tua
1089 1467 1387 1537 diligentia,
1411 1468 1676 1532 doctrina,
1706 1486 1737 1521 o
1776 1486 1869 1523 era
1888 1469 2011 1522 niti·

433 1535 551 1588 dior
575 1544 631 1587 et
655 1535 980 1588 emendatior
1015 1535 1074 1586 in
1094 1536 1259 1587 lucem
1275 1535 1636 1605 proferretur.
1758 1537 1873 1605 apis
1886 1553 2014 1590 sane

432 1619 540 1656 esse
567 1603 626 1654 in
660 1611 754 1656 tua
785 1603 997 1673 gratia,
1038 1618 1194 1671 quam
1212 1603 1541 1655 humanitate
1565 1612 1659 1655 tua
1663 1603 1869 1673 fretus,
1910 1604 2014 1656 tuis

431 1671 600 1725 verbis
619 1670 670 1722 ei
687 1688 792 1724 non
810 1673 974 1724 solum
989 1671 1253 1740 pollicitus
1270 1687 1406 1734 sum,
1446 1671 1539 1722 sed
1558 1671 1717 1723 etiam
1740 1672 2011 1740 spopondi.

432 1738 622 1810 Itaque
642 1755 748 1790 non
768 1740 869 1790 erit
889 1749 1011 1791 tuae
1034 1738 1286 1790 bonitatis
1295 1738 1635 1806 committere,
1645 1748 1709 1790 ut
1774 1755 2013 1791 onsorem

431 1807 676 1873 appellet,
719 1823 836 1859 cum
857 1805 968 1874 ipse
971 1806 1147 1876 facile
1156 1805 1327 1874 possis
1348 1807 1649 1874 dependere.
1760 1805 1897 1858 'num
1916 1815 2009 1869 est,

434 1873 575 1939 quod
588 1889 624 1922 a
641 1881 692 1924 te
709 1874 1122 1925 contendendum
1141 1873 1275 1924 milii
1326 1882 1486 1936 utem,
1516 1883 1579 1926 ut
1596 1874 1725 1925 duas
1746 1873 2014 1925 orationes

433 1945 552 1989 tuas
571 1939 645 1989 ad
659 1955 740 1990 me
755 1939 934 1990 mittas
946 1957 968 2000 ‚-
989 1956 1213 2006 quarum
1233 1958 1265 1991 a
1286 1950 1402 1992 tera
1420 1943 1482 1993 de
1500 1941 1736 1993 laudibus
1752 1941 1886 1991 iuris
1902 1949 2011 1992 stu-

433 2004 510 2055 dii
524 2005 632 2056 seri
667 2014 723 2056 ta
741 2005 833 2056 abs
853 2013 903 2058 te
923 2022 1089 2073 nuper
1117 2015 1217 2070 est,
1255 2009 1426 2059 altera
1450 2008 1507 2059 in
1530 2005 1765 2077 Collegio
1787 2006 2013 2076 Pontifi-

433 2087 552 2124 cum
643 2071 805 2123 abita.
877 2071 963 2123 De
1003 2072 1197 2124 Plauto
1239 2073 1345 2141 fac
1378 2075 1644 2140 promissa
1700 2082 2009 2154 appareant.

432 2137 652 2190 Diutius
670 2139 807 2191 enim
829 2138 1007 2191 deberi
1013 2139 1199 2206 politis
1208 2148 1270 2190 ‘et
1286 2140 1573 2207 ingeniosis
1592 2140 1887 2194 hominibus
1906 2156 2013 2192 non

427 2214 620 2274 potest.
690 2205 771 2259 Et
797 2207 968 2260 hercle
993 2215 1088 2258 tua
1113 2206 1343 2258 maxime
1366 2207 1549 2274 gloria
1582 2208 1783 2276 agitur.
1864 2205 2007 2268 Vale,

433 2281 488 2326 et
513 2273 729 2326 salvebis
753 2291 789 2326 a
828 2273 1095 2343 Gipltassio
1111 2310 1125 2335 ,
1167 2273 1261 2342 qui
1286 2273 1516 2325 Venetiis
1551 2277 1695 2344 apud
1724 2272 2007 2326 Oratorem

431 2340 597 2410 Regis
617 2340 821 2395 Galliae
837 2341 1001 2412 degit.
1072 2340 1318 2394 Patauio.
1339 2339 1466 2394 Kal.
1488 2340 1620 2395 Dec.
1643 2353 1886 2395 unnxtv.
