2275 3025
609 107 870 160 Ems‘r.
904 104 1063 160 Lm.
1096 107 1174 160 11.
1203 108 1325 177 ΕΡ.
1357 109 1559 163 xvu.
1787 107 1888 161 193

282 211 435 280 quod
460 209 675 260 multos
696 204 897 259 abhinc
921 220 1095 256 annos
1117 205 1556 260 efflorescentem
1573 209 1786 276 ingenii
1803 208 1891 260 tui

284 279 395 329 vim
422 277 759 334 admiratus,
800 273 997 322 ducem
1022 287 1111 322 me
1143 272 1247 322 tibi
1266 275 1335 324 ad
1354 289 1447 324 eas
1469 282 1620 325 artes
1640 275 1888 340 praebui,

285 343 343 394 in
363 344 569 410 quibus
590 345 809 405 postea.
830 337 942 387 Dei
963 352 1070 416 ope·
1088 344 1148 388 et
1162 338 1436 390 industria
1453 346 1552 390 tua
1571 339 1769 402 fretus,
1789 355 1890 391 eos

288 425 391 475 pro
435 421 629 458 tessus
648 404 868 464 fecisti,
904 409 967 453 ut
990 419 1047 454 in
1080 409 1134 455 te
1153 405 1264 454 iam
1283 405 1495 470 pridem
1516 411 1573 455 et
1593 405 1796 455 eximia
1814 406 1890 456 di·-

292 489 395 526 cen
438 475 561 524 ivis
571 477 630 521 et
647 471 869 520 minime
882 468 1125 536 vulgaris
1147 469 1388 522 eruditio
1407 485 1518 522 uno
1531 471 1774 522 omnium
1796 485 1894 522 ore

296 537 647 592 celebretur}
686 537 855 590 Cuius
891 537 1290 604 qualiscunque
1319 537 1492 588 oflicii
1519 551 1581 588 er
1619 552 1656 587 a
1689 543 1750 588 te
1785 537 1897 590 mei

298 606 519 659 abunde
538 601 679 652 mihi
698 617 944 668 magnam
964 604 1198 669 gratiam
1220 605 1508 672 percipere
1525 604 1581 654 vi
1623 617 1753 666 eor,
1774 617 1898 654 cum

300 670 400 736 qui
420 669 493 720 ad
510 673 571 719 te
589 669 915 722 audiendum
932 669 1245 732 confluunt,
1265 670 1337 722 ad
1357 670 1565 721 Mureti
1585 670 1899 722 auditorem

296 742 471 815 atque
511 735 783 788 alumnum
818 738 902 787 ire
920 738 1247 802 praedicant
1266 771 1282 798 ‚
1320 751 1498 818 eaque
1517 738 1576 788 in
1594 743 1652 788 te
1684 737 1812 788 viva
1830 749 1897 788 ac

300 802 575 868 spirantia
594 810 918 870 agnoscunt,
930 819 1162 870 quorum
1175 804 1233 854 in
1246 819 1336 854 me
1347 804 1480 854 olim
1489 804 1683 856 umbra
1694 802 1898 854 fortas-

298 871 380 922 sis
401 869 589 935 aliqua
606 884 669 919 ac
689 869 1043 920 simulacrum
1061 869 1188 922 fuit.
1224 870 1297 920 At
1315 885 1442 936 ego,
1456 871 1798 936 nisiprorsus
1817 869 1898 919 in-

370 941 519 986 atum
538 934 729 986 haberi
742 950 827 986 me
848 937 1033 997 velim,
1044 949 1188 1002 quae
1207 942 1521 1002 quantaque
1533 937 1640 988 tibi
1658 951 1692 986 a
1708 936 1898 986 mede·

338 1003 423 1052 eri
436 1016 753 1067 agnoscam,
771 1015 1003 1052 necesse
1024 1003 1238 1052 est‘i'l'u
1256 1016 1344 1052 me
1362 1003 1752 1067 primus,tanto
1765 1002 1898 1052 ado-

298 1067 607 1118 lescentior
624 1073 782 1116 tanto
794 1068 1091 1127 seniorem,
1103 1066 1341 1118 humana
1349 1073 1702 1118 contemnere
1712 1072 1770 1118 et
1787 1068 1900 1131 ple-

303 1148 379 1184 no
402 1132 581 1198 gradu
605 1131 675 1181 ad
702 1131 887 1182 divina
910 1147 1212 1198 properare
1243 1132 1510 1184 docuisti:
1551 1147 1674 1184 cum
1701 1133 1758 1184 in
1776 1133 1899 1197 ipso

304 1197 587 1250 vernantis
608 1198 809 1247 aetatis
832 1197 991 1260 flore,
1012 1197 1347 1264 posthabitis
1365 1199 1740 1264 voluptatibus
1753 1235 1769 1262 ,
1790 1213 1900 1248 am·

304 1264 519 1316 bitione
541 1263 814 1330 deposita,
838 1267 1062 1320 reiectis
1075 1265 1200 1316 aliis
1212 1266 1464 1316 omnibus
1485 1267 1634 1318 curis
1655 1266 1712 1338 in
1734 1266 1900 1316 istam

302 1337 361 1384 te
382 1331 783 1382 sanctissimam
801 1332 987 1383 etorbi
1007 1338 1277 1383 terrarum
1286 1331 1786 1384 fmctuosissimam
1801 1331 1900 1382 ho·

304 1399 511 1449 minum
532 1397 702 1447 cultui
727 1397 913 1448 divino
933 1399 1370 1467 mancipatorum
1391 1398 1747 1451 sodalitatem
1769 1414 1898 1452 con-

306 1464 507 1527 tulisti3
530 1463 731 1515 cumin
764 1472 1025 1532 suscepto
1046 1467 1220 1519 semel
1247 1466 1483 1517 consilio
1511 1470 1624 1517 tam
1645 1473 1902 1519 constan·

304 1536 394 1583 ter
430 1531 755 1598 perstitisti3
795 1546 977 1598 neque
1014 1535 1241 1583 cessisti
1257 1532 1483 1583 illorum
1505 1532 1764 1593 vocibus,
1787 1534 1900 1611 qui,

304 1612 427 1649 cum
465 1599 525 1647 in
542 1597 801 1663 collegiis
838 1598 1040 1649 vestris
1062 1599 1287 1648 educati
1305 1603 1510 1656 essent,
1534 1603 1591 1645 et
1625 1596 1745 1647 illic
1765 1597 1904 1647 didi·

304 1666 516 1717 cissent
531 1663 682 1713 istud
717 1664 909 1712 nescio
931 1663 1090 1729 quid,
1120 1661 1274 1727 quod
1288 1661 1500 1711 iactant
1516 1661 1851 1724 litterarum,
1871 1677 1906 1713 a
1963 1700 1970 1707 .

307 1743 417 1794 quo
438 1728 547 1792 ipsi
568 1726 762 1777 ordine
781 1726 1061 1794 flagitiose
1084 1727 1460 1787 desciverant,
1487 1726 1547 1777 in
1577 1742 1699 1778 eum
1719 1742 1790 1780 ne
1806 1744 1903 1780 no-

308 1807 435 1845 men
464 1795 655 1853 dares,
691 1794 1007 1844 absterrere
1035 1800 1093 1845 te
1124 1793 1485 1845 conabantur.
1555 1793 1618 1845 ln
1662 1810 1821 1861 quem
1843 1802 1904 1849 tu

308 1859 487 1911 semel
524 1858 797 1909 admissus
858 1860 941 1911 ita
959 1861 1127 1911 vitam
1163 1860 1483 1923 instituisti,
1523 1866 1586 1913 ut
1614 1860 1781 1915 facile
1809 1865 1902 1915 de-

310 1924 629 1990 claraveris,
654 1939 763 1975 non
780 1895 937 1977 filum
956 1941 1180 1979 caecum
1204 1927 1491 1995 quendam,
1503 1934 1565 1979 ut
1580 1929 1689 1995 ipsi
1705 1932 1903 1983 menti-

310 1993 563 2053 ebantur,
584 2004 658 2057 ac,
669 1994 1017 2045 temerarium
1036 1995 1319 2060 impetum,
1341 1994 1441 2047 sed
1461 1995 1634 2047 divini
1664 1998 1901 2048 numinis

250 2072 257 2077 ·
308 2060 629 2109 instinctum
650 2065 814 2125 atque
840 2058 1078 2111 afflatum
1096 2061 1296 2125 fuisse3
1319 2066 1392 2124 et,
1401 2067 1463 2113 ut
1481 2063 1551 2115 ad
1571 2076 1641 2112 ea
1657 2064 1902 2121 redeam,

311 2138 451 2191 quae
472 2125 543 2175 ad
560 2126 887 2192 nie-proprie
906 2128 1214 2192 pertinent,
1252 2143 1528 2208 nunquam
1555 2128 1746 2179 exilio
1774 2140 1900 2176 con-

309 2192 473 2252 siliis,
511 2192 841 2258 praeceptis,
880 2192 1362 2245 cohortationibus
1382 2208 1572 2244 iuvare
1593 2206 1704 2252 me,
1745 2197 1803 2242 et
1823 2189 1904 2238 fa-

311 2272 404 2309 ces
426 2272 492 2307 ac
511 2258 764 2309 stimulos
801 2262 984 2311 animo
1008 2276 1141 2316 meo
1175 2262 1245 2311 ad
1263 2261 1530 2326 pictatem
1551 2254 1790 2307 subdere
1811 2254 1903 2304 de-

312 2324 523 2376 stitisti.
592 2325 797 2375 Merito
817 2327 991 2392 igitur
1007 2327 1088 2377 ita
1106 2333 1162 2376 te
1184 2341 1307 2377 amo
1321 2361 1336 2386 ,
1369 2330 1425 2373 et
1445 2327 1506 2371 ut
1524 2327 1736 2387 patrem
1756 2320 1903 2370 filius

312 2396 371 2440 et
386 2397 449 2441 ut
466 2391 638 2440 filium
657 2398 839 2456 pater}
878 2391 964 2442 his
993 2392 1137 2442 enim
1157 2405 1290 2451 nos,
1330 2401 1469 2453 quae
1495 2386 1732 2436 maxima
1757 2394 1903 2447 sunt,

314 2457 561 2507 caritatis
592 2457 828 2510 vinculis
861 2457 1087 2507 bonitas
1120 2456 1308 2505 divina
1328 2450 1625 2517 copulavit.
1699 2452 1903 2513 Quare,

352 2523 461 2573 uod
482 2528 539 2572 et
556 2522 615 2571 in
636 2522 839 2571 ceteris
848 2520 1230 2586 1·ebus,quoad
1243 2524 1460 2582 potem,
1475 2518 1670 2569 sedulo
1685 2518 1904 2572 faciam,

312 2588 549 2639 libenter
571 2585 655 2636 his
672 2588 867 2652 paucis
898 2587 1093 2636 diebus
1115 2586 1414 2634 obsecutus
1434 2597 1554 2632 sum
1575 2581 1760 2632 studio
1780 2585 1904 2627 tuoa
1959 2585 1964 2597 ·

386 2669 658 2720 Mune-r.
694 2664 805 2715 Er.
1527 2652 1578 2703 N
