2275 3025
407 178 472 232 6²
935 176 1013 229 Μ.
1047 178 1108 230 Α.
1144 174 1456 229 MURETI

409 280 480 333 ad
513 277 955 347 respondendum
994 278 1204 346 aliquid
1241 278 1517 330 haberem.
1588 278 1612 329 1
1656 278 1765 329 ’tur
1804 277 1873 329 de
1898 292 1992 330 me

407 347 656 413 meisque
687 346 885 397 studiis
915 346 1024 399 iam
1053 362 1120 398 co
1160 361 1163 363 ’
1200 362 1328 397 osse
1351 352 1407 397 te
1437 346 1603 413 aliqui
1673 352 1807 413 puto
1830 359 1897 397 ex
1918 345 1991 397 iis

409 416 630 478 litteris,
653 429 787 481 quas
807 416 1054 481 proxime
1074 430 1106 465 a
1166 414 1482 475 Gisbertum
1504 414 1655 465 dedi:
1688 413 1992 477 satis-enim

409 483 526 535 scio
561 496 745 532 earum
779 488 835 532 te
855 482 1040 533 statim
1068 481 1387 549 'participem
1410 482 1631 533 factum.
1704 480 1992 531 'l'erentia-

407 556 535 601 num
556 548 721 613 illud,
761 549 811 599 εἰ
839 548 910 599 sit
935 564 1081 615 opus,
1119 548 1232 599 ioci
1260 563 1428 599 causa
1454 549 1657 599 dictum
1684 553 1795 599 est:
1834 533 1991 613 quadi

409 619 629 671 evenire
663 616 775 666 ullo
803 616 970 666 'modo
993 614 1200 681 possit,
1230 620 1293 665 ut
1313 613 1417 665 hoc
1439 630 1655 693 quoque
1677 614 1828 665 facto
1852 629 1993 680 opus
2070 656 2073 658 Α

409 684 500 735 sit.
575 684 721 749 Ergo
743 681 790 731 si
807 681 880 731 sit
889 696 1016 748 opus
1025 697 1051 742 ,·
1081 680 1131 732 si
1152 680 1265 747 quia
1286 698 1319 732 a
1338 695 1419 733 me
1436 682 1495 732 ul
1496 681 1634 751 fieri
1643 682 1880 749 postulet
1887 696 1912 742 ,-
1945 680 2000 743 ui

355 784 362 793 -
413 749 525 819 quis
555 749 658 799 Ιιοσ
680 746 783 799 sibi
801 763 834 798 a
854 764 935 805 me
967 746 1207 817 officium
1241 747 1409 799 tribui
1424 758 1613 815 γενέσεις
1644 747 1694 799 εἰ
1712 748 1827 815 quis
1854 746 1992 798 in‘eo

409 833 491 868 me
527 815 630 866 sibi
659 812 975 883 gratificari
997 814 1157 877 velim
1191 814 1239 868 si
1266 815 1395 883 quid
1421 815 1649 877 eveniat,
1688 824 1755 865 ut
1782 812 1995 883 publice

410 881 624 935 intersit
641 898 758 933 eum
776 882 1010 933 laborem
1029 897 1064 933 a
1081 898 1162 934 me
1184 882 1307 951 'capi
1318 900 1345 945 ,·
1374 890 1436 934 -et
1448 920 1463 945 ,
1484 884 1532 933 si
1554 884 1770 950 cogites
1786 920 1801 946 ,
1820 882 1998 934 multa

414 964 516 1001 nos
537 963 754 1018 quoque
775 949 942 1017 vulgo
961 950 1042 1001 ita
1059 950 1311 1001 iocantes
1334 950 1591 1002 dicimus:
1717 950 1889 1000 nando
1914 942 1999 999 ita

409 1016 582 1081 iubes,
625 1017 836 1079 sedebo,
880 1024 1000 1069 cum
1021 1024 1204 1069 tamen
1228 1032 1387 1069 nemo
1409 1016 1621 1081 iubeat3
1718 1015 1895 1067 oneris
1916 1016 2003 1067 mi

411 1100 572 1139 causa
593 1086 664 1135 ad
673 1084 960 1153 prandium
979 1084 1084 1149 ibo,
1110 1086 1267 1153 quasi
1288 1084 1383 1153 qui
1400 1085 1458 1135 id
1474 1084 1629 1147 facit,
1646 1097 1757 1135 non
1780 1099 1881 1135 sua
1894 1096 1996 1149 po-

410 1153 522 1204 tius
542 1168 711 1205 causa
729 1152 926 1216 facia³t;
953 1150 1126 1203 Hodie
1146 1146 1661 1221 inpvanoeeopurchre
1672 1150 1811 1207 tib-io
1850 1163 1997 1202 eram

411 1219 544 1281 dedi,
571 1220 726 1287 quasi
748 1220 841 1287 qui
857 1218 1000 1270 bene
1021 1231 1085 1271 ac
1105 1219 1344 1271 libenter
1364 1220 1627 1282 vescitur,
1642 1230 1752 1270 non
1773 1220 1818 1269 si
1859 1220 1999 1287 ipo·

410 1288 523 1337 tius
546 1300 768 1354 operam
789 1288 899 1350 det,
921 1300 1080 1353 quam
1100 1287 1297 1337 amico.
1369 1286 1453 1337 Ex
1471 1286 1667 1338 eodem
1688 1292 1892 1354 genere
1910 1292 1996 1337 est

411 1352 579 1416 illud,
614 1352 663 1403 εἰ
683 1351 757 1403 sit
774 1368 924 1419 opus,
967 1353 1037 1403 de
1069 1367 1177 1419 quo
1197 1406 1200 1411 ,
1219 1354 1357 1404 satis
1398 1353 1505 1404 iam
1531 1353 1723 1405 multa.
1797 1350 1995 1403 Albedo

411 1418 668 1474 Latinum
689 1434 798 1469 non
823 1424 925 1481 est,
948 1434 1056 1469 non
1078 1421 1256 1487 magis
1309 1435 1431 1471 uam
1454 1418 1708 1488 Nigr-edo.
1782 1420 1894 1472 Sed
1914 1419 1998 1470 ita

415 1502 600 1538 sumus
632 1501 846 1548 omnes,
875 1486 1041 1538 etiam
1061 1488 1154 1554 qui
1183 1502 1253 1554 pa
1312 1486 1368 1539 lo
1396 1488 1595 1540 melius
1621 1488 1820 1539 Latine
1839 1487 1993 1553 loqui

415 1561 691 1621 putamur,
712 1569 872 1621 quam
891 1554 1089 1622 vulgus
1109 1554 1271 1606 solet.
1344 1554 1487 1606 Dum
1509 1555 1861 1617 confidimus,
1892 1569 1997 1606 nos

416 1624 521 1673 iam
543 1637 661 1673 eam
685 1620 1004 1673 facultatem
1027 1628 1360 1674 consecutos
1374 1659 1388 1686 ‚
1413 1629 1472 1674 ut
1492 1623 1581 1695 vel¹
1600 1623 1749 1674 aliud
1766 1627 1999 1690 agentes

415 1689 701 1741 emendate
731 1689 1049 1757 loquamur,
1086 1690 1259 1744 multa
1284 1691 1473 1758 inepta
1540 1696 1598 1741 et
1630 1705 1699 1742 ne
1724 1691 1780 1740 in
1809 1689 1997 1758 pueris

415 1757 631 1825 quidem
644 1757 874 1809 ferenda
896 1755 1245 1809 effundimus.
1315 1756 1412 1810 Isti
1434 1758 1732 1825 praecipue
1753 1757 2002 1819 delicati,

415 1826 508 1891 qui
541 1825 726 1876 omnia
743 1825 848 1876 sibi
868 1829 1088 1890 praeter
1107 1825 1432 1878 Ciceronem
1454 1833 1646 1892 putere
1668 1828 1845 1890 aiunt3
1919 1825 1997 1890 ui,

413 1890 464 1942 si
492 1893 611 1941 sine
638 1890 862 1941 Nizolio
891 1894 1107 1958 possint
1134 1909 1297 1944 unam
1328 1900 1424 1945 aut
1451 1894 1679 1944 alteram
1706 1893 1885 1961 episto
1910 1905 1999 1942 am

414 1957 677 2020 scrihere,
691 1971 983 2024 germanos
1003 1973 1064 2009 se
1085 1973 1213 2022 esse
1233 1959 1531 2012 Cicerones
1551 1967 1769 2028 putant3
1802 1958 1999 2028 qui-Se-

416 2038 606 2074 necam
627 2029 1008 2088 contemnunt,
1031 2025 1269 2076 Plinium
1288 2027 1525 2078 irrident
1539 2066 1554 2091 ,
1575 2030 1830 2080 'l'acitum
1852 2026 2003 2079 dam·

415 2097 570 2154 nant,
592 2089 661 2141 ad
679 2088 1005 2142 inferiorum
1021 2107 1157 2144 vero
1178 2100 1484 2160 temporum
1504 2095 1807 2162 scriptores
1832 2094 2002 2146 etiam

417 2164 709 2222 nauseant3
747 2157 840 2224 qui
876 2173 965 2209 me
983 2165 1080 2209 aut
1113 2160 1385 2212 mirantur
1412 2167 1508 2212 aut
1533 2163 1864 2227 miserantur
1903 2169 2002 2211 aut

414 2225 672 2288 irrident,
706 2225 857 2292 quod
870 2239 944 2276 vex
961 2226 1193 2294 Apuleio
1211 2228 1339 2294 ipso
1362 2235 1459 2279 aut
1480 2229 1711 2281 Sidonio
1730 2228 1999 2298 quaedam

413 2293 651 2358 petenda
687 2307 812 2345 esse
849 2292 1025 2344 dicam
1051 2294 1130 2344 -ad
1156 2309 1318 2347 usum
1350 2295 1539 2349 Latini
1576 2297 1876 2349 sermonisx
1910 2293 1995 2346 illi

413 2361 586 2427 igitur
602 2361 712 2426 ipsi
732 2375 898 2428 saepe
913 2363 998 2412 ita
1016 2368 1073 2412 et
1090 2361 1391 2430 loquuntur
1416 2370 1474 2415 et
1492 2365 1765 2427 scribunt,
1803 2369 1865 2414 ut
1882 2377 1995 2414 non

411 2442 509 2478 eos
529 2428 714 2490 modo,
733 2443 873 2496 quos
893 2429 1000 2496 ipsi
1017 2435 1309 2498 tantopere
1329 2431 1610 2495 abiiciunt,
1621 2447 1759 2498 quos
1776 2443 1909 2498 prae
1929 2443 1993 2480 se

411 2499 791 2558 contemnunt,
832 2497 932 2548 sed
967 2509 1161 2548 eorum
1197 2498 1439 2565 pistores
1470 2514 1535 2550 ac
1567 2513 1779 2566 coquos
1816 2497 1992 2548 multo

409 2560 664 2612 Latinius
684 2562 903 2616 locutos
921 2563 1098 2616 fuisse
1118 2571 1354 2620 constet.
1422 2565 1505 2617 Ad
1525 2567 1707 2617 omnia
1720 2559 1993 2630 epistolae

407 2639 534 2679 tuae
563 2643 628 2679 ca
665 2630 744 2680 ita
771 2645 1096 2700 responsum
1116 2648 1243 2684 esse
1265 2634 1520 2687 arbitror.
1591 2631 1747 2683 Vale.
1771 2646 1862 2683 m.
1882 2631 1993 2682 Ka·

409 2697 552 2749 lend.
659 2699 802 2749 artii.
825 2713 1071 2752 nnnxxi.
1094 2701 1324 2766 Romae,
1343 2715 1453 2769 quo
1488 2701 1609 2768 ipse
1647 2699 1737 2750 die
1769 2699 2002 2750 litteras.
