2275 3025
428 145 529 199 19⁰
962 143 1041 195 M.
1074 144 1138 195 A.
1173 142 1488 194 MURETI

423 253 612 298 autem
639 244 818 311 ipsum
851 244 1024 297 credo
1056 244 1313 311 equidem
1350 250 1477 295 ante
1510 241 1613 294 hos
1638 243 2033 311 septingentos

422 319 926 363 annos-exaratum
961 326 1109 363 esse:
1149 311 1303 377 quod
1336 316 1393 361 et
1425 312 1549 377 ipsa
1564 310 1876 361 litterarum
1898 326 2034 363 eon·

421 378 685 429 formatio
717 378 966 429 ostendit
989 378 1273 445 plerisque
1301 377 1443 428 locis
1468 378 1691 443 gemina
1706 378 1786 438 ei,
1806 380 2031 443 quaein

423 444 724 497 Pandectis
743 446 1082 496 Florentinis
1112 446 1247 495 etin
1264 446 1532 494 Terentio
1554 443 1709 494 Petri
1728 444 1929 495 Bembi
1950 446 2031 494 vi-

423 512 592 575 situr3
630 518 690 561 et
703 512 986 562 scribendi
1005 512 1151 561 ratio
1168 546 1185 572 ,
1220 525 1384 577 quam
1404 507 1772 575 ὀρθογραφίαν
1804 517 2027 573 vocant,

425 576 619 629 eadem
639 578 802 643 plane
823 593 965 656 quae
987 578 1044 627 in
1063 578 1154 639 iis,
1176 591 1319 642 quos
1336 576 1507 626 modo
1528 576 1826 639 nominavi,
1846 576 2027 639 libris,

425 651 485 695 et
509 652 802 709 praeterea
831 660 893 694 in
924 644 1309 709 antiquissimo
1342 642 1445 693 illo
1466 643 1833 708 epistolarum
1869 644 2027 695 Cice-

422 713 598 769 ronis,
633 712 790 761 cuius
829 710 1138 775 exemplum
1174 707 1376 760 abhinc
1402 709 1697 759 triennium
1720 708 2031 777 divulgavit

425 777 488 828 P.
536 775 834 828 Victorius.
905 775 1082 836 Quam
1121 776 1347 841 quidem
1382 790 1510 825 cum
1548 790 1618 826 ex
1646 776 1835 842 aliqua
1848 785 2025 843 ·parte

425 841 838 908 exprimendam
857 844 1167 893 curaverim
1181 878 1199 904 ,
1230 856 1347 892 non
1367 848 1551 891 tamen
1571 856 1693 894 sum
1712 858 1883 892 ausus
1902 858 2023 909 per-

423 916 594 977 petuo
615 908 676 959 id
693 906 900 970 facere,
937 923 1007 959 ne
1025 909 1199 958 nimia
1214 908 1317 959 illa
1334 908 1553 959 novitas
1584 909 1885 975 (siquidem
1925 924 2024 959 no-

427 992 494 1027 va
531 976 764 1027 dicimus
803 978 972 1026 etiam
1007 988 1102 1036 ea,
1125 988 1269 1041 quae
1304 988 1429 1025 cum
1446 981 1638 1029 vetera
1659 976 1795 1036 sint,
1835 974 1933 1027 diu
1948 975 2022 1027 ab

425 1043 606 1094 oeulis
629 1049 687 1092 et
703 1042 772 1091 ab
803 1058 907 1093 usu
945 1040 1227 1093 hominum
1262 1040 1583 1104 abfuerunt)
1620 1042 1926 1092 lectoribus
1962 1048 2024 1091 et

423 1124 637 1162 moram
657 1110 956 1170 obiiceret,
995 1115 1054 1159 et
1069 1108 1385 1159 molestiam
1413 1114 1657 1175 pareret:
1694 1114 1759 1158 ut
1781 1114 2019 1171 taceam,

425 1176 573 1243 quod
593 1176 864 1242 quaedam
882 1176 940 1225 in
962 1176 1046 1225 eis
1065 1175 1225 1226 libris
1258 1175 1449 1225 inesse
1466 1174 1684 1237 iudico,
1710 1189 1901 1227 errore
1922 1189 2020 1242 po-

421 1244 536 1293 tius
556 1247 616 1291 et
631 1242 768 1292 vitio
789 1242 1013 1291 illorum
1033 1248 1371 1307 temporum,
1392 1256 1555 1308 quam
1573 1242 1790 1293 ratione
1831 1247 1891 1293 et
1926 1255 2021 1309 aq-

423 1309 687 1358 ctoritate
725 1308 1072 1372 superiorum
1097 1314 1343 1373 recepta.
1430 1308 1602 1359 Cuius
1640 1308 1863 1375 generis
1890 1314 2025 1359 sunt

423 1381 642 1439 emptus,
681 1381 916 1439 sumptus
937 1379 994 1423 et
1019 1373 1225 1424 similia
1255 1387 1357 1439 per
1372 1374 1617 1425 litteram
1635 1389 1693 1441 pt
1731 1374 1792 1425 in
1809 1388 1920 1441 quo
1940 1374 2024 1425 ita

419 1439 790 1489 immoderata
807 1438 915 1489 fuit
933 1445 1089 1489 aetas
1107 1439 1234 1501 illa,
1262 1446 1325 1490 ut
1343 1440 1653 1508 sollempnia
1672 1444 1730 1492 et
1742 1456 2019 1509 ¹sompnum

422 1513 482 1558 et
515 1514 792 1574 temptare,
829 1505 1080 1574 plerique
1119 1522 1312 1558 omnes
1350 1514 1467 1559 tum
1510 1508 1835 1560 scriberent.
1907 1506 2021 1561 Sed

422 1580 482 1626 et
498 1573 639 1626 illud
675 1589 747 1625 ex
785 1575 983 1626 eodem
1015 1573 1173 1625 fonte
1206 1573 1436 1626 fluxisse
1455 1581 1609 1641 puto,
1632 1576 1781 1642 quod
1800 1575 2019 1626 litteras

418 1641 622 1693 multas
644 1642 790 1692 inter
807 1657 870 1693 se
893 1641 1327 1706 commutabant3
1350 1657 1475 1694 cum
1496 1657 1680 1708 aprum
1701 1649 1759 1692 et
1784 1641 2017 1709 optineo,

419 1715 724 1776 contraque
741 1709 1010 1760 scribtura
1025 1714 1099 1759 *et
1129 1708 1315 1760 obtare
1328 1744 1345 1771 ‚
1384 1723 1551 1774 saepe
1569 1710 1628 1760 in
1647 1724 1837 1760 eorum
1856 1708 2017 1760 libris

417 1775 656 1852 legatur.
725 1776 788 1826 In
806 1777 1040 1827 eundem
1061 1791 1347 1828 numerum
1362 1775 1683 1828 incluserim
1706 1773 1899 1826 unieris
1912 1789 2015 1840 pro

417 1839 632 1902 obteris,
653 1847 712 1890 et
728 1840 1066 1893 Bolumm'am
1083 1858 1186 1908 pro
1218 1841 1523 1904 Volumnia,
1546 1842 1907 1909 eiusdemque
1921 1856 2015 1908 ge-

417 1905 566 1955 neris
585 1908 890 1958 innumera.
959 1909 1098 1959 Nam
1119 1909 1260 1961 illud
1280 1910 1441 1976 quale
1453 1924 1579 1962 esse
1588 1909 1787 1972 dicam,
1800 1909 2013 1971 nescio,

417 1970 569 2036 quod
583 1970 856 2022 lathi-ones
877 1979 934 2022 et
953 1974 1277 2025 lathroeim‘a
1296 1990 1470 2041 prope
1490 1991 1709 2042 semper
1731 1975 2015 2027 scribebat

414 2039 492 2098 is,
511 2037 668 2087 cuius
687 2052 854 2088 manu
873 2039 970 2089 ille
999 2038 1434 2105 Philippicarum
1462 2042 1607 2093 liber
1630 2043 1871 2108 scriptus
1905 2047 2011 2093 est.

413 2102 500 2155 Ne
518 2103 618 2154 illa
637 2103 858 2170 quidem
879 2106 1239 2171 exprimenda
1254 2107 1405 2168 duxi,
1442 2107 1689 2175 adficere,
1728 2109 2013 2174 adponere,

341 2237 347 2243 ἢ
413 2170 701 2238 conligere,
741 2172 982 2238 conlega,
1017 2169 1283 2234 inlustris,
1332 2181 1390 2223 et
1406 2173 1567 2236 talia,
1590 2181 1687 2225 aut
1706 2189 1907 2236 aecum,
1928 2191 2011 2225 re·

411 2237 626 2299 lienum,
645 2239 912 2298 locuntur,
935 2237 1182 2289 cottidie.-
1219 2253 1363 2304 quae
1390 2246 1575 2292 tamen
1618 2257 1731 2291 non
1761 2240 2013 2296 eiusdem

413 2305 664 2369 generis,
704 2305 861 2355 cuius
895 2303 1139 2356 maesse
1160 2304 1329 2356 duco=
1360 2313 1457 2356 aut
1474 2306 1591 2368 illa,
1626 2305 2013 2358 immemor-iam

357 2403 376 2409 -
414 2384 516 2434 pro
535 2371 596 2420 in
611 2370 940 2434 memoriam,
958 2381 1216 2422 summast
1232 2385 1334 2437 pro
1352 2387 1557 2424 summa
1576 2381 1680 2434 est,
1703 2379 1761 2424 et
1778 2372 2009 2424 simili-at

413 2435 522 2483 etsi
561 2434 700 2494 haec
721 2437 944 2501 quidem
959 2453 1072 2488 non
1091 2439 1257 2502 plane
1278 2439 1623 2504 aspernanda
1642 2452 1864 2490 censeo.
1939 2439 2013 2488 At

411 2495 552 2548 haec
571 2501 784 2551 leviora
804 2510 950 2567 sunt3
969 2503 1108 2554 illud
1125 2505 1355 2554 maiori-s
1378 2505 1657 2564 momenti,
1680 2505 1833 2570 quod
1848 2504 2009 2556 locos

410 2564 644 2629 amplius
665 2571 948 2620 trecentos
963 2571 1020 2620 in
1046 2571 1301 2620 omnibus
1323 2571 1449 2620 aliis
1470 2569 1627 2620 libris
1654 2568 2007 2634 depravatos,

411 2642 446 2678 a
465 2629 627 2682 nobis
649 2634 974 2685 emendatos
993 2634 1235 2698 videbit,
1272 2635 1521 2702 quisquis
1540 2632 1681 2684 hanc
1702 2634 2008 2687 editionem
