2275 3025
628 147 891 200 EPIST.
926 147 1083 199 LIB.
1120 150 1198 202 11.
1234 151 1362 203 ΕΡ.
1399 151 1561 206 xlv.
1795 150 1898 204 18⁴1

288 250 383 304 dia
396 249 697 318 praecipue
717 248 998 313 vigebant,
1020 263 1054 296 a
1070 246 1336 315 Philippo
1355 249 1535 302 Decio
1549 287 1564 313 ,
1587 252 1759 318 longe
1783 253 1892 304 ela·

284 319 515 370 rissimo
534 330 636 396 per
652 314 713 365 id
732 319 949 378 tempus
969 314 1153 379 legum
1173 315 1442 376 antistite,
1467 317 1666 383 dignus
1681 318 1892 369 iudica-

284 390 377 434 tus
402 382 608 444 fueris,
650 381 741 431 eui
768 378 1057 445 utriusque
1082 380 1224 430 iuris
1247 381 1468 446 publice
1492 383 1894 447 interpretandi

285 448 529 500 facultas
568 445 915 512 amplissima
946 446 1304 496 tribueretur.
1395 447 1564 498 Cuius
1605 451 1690 499 rei
1725 448 1894 514 fama,

289 530 414 565 cum
435 514 508 564 ad
532 511 821 564 Francisci
848 512 996 579 regis
1026 512 1224 579 optimi
1251 513 1480 564 maximi
1505 525 1666 565 aures
1701 529 1896 580 perve-

287 582 494 631 nisset:
539 577 747 627 nullam
784 578 881 628 ille
916 594 1125 630 moram
1163 580 1624 648 interponendam
1660 582 1897 646 putavit,

292 646 427 710 quin
448 659 548 694 eos
570 642 809 694 honores
828 647 883 695 in
903 651 960 696 te
980 644 1333 708 transferret,
1347 646 1544 713 quibus
1556 653 1721 697 antea
1738 653 1899 714 pater

290 717 423 762 tuus
430 745 446 771 ,
488 709 574 759 vir
596 709 949 774 clarissimus,
986 728 1204 782 summa
1222 719 1344 764 erat
1364 714 1607 765 omnium
1627 713 1898 780 approba·

292 776 450 826 tione
469 774 804 842 perfunctus.
875 780 944 828 At
962 779 1264 840 Henricus,
1287 793 1355 829 ne
1377 781 1474 846 qui
1512 782 1662 832 omni
1688 792 1897 846 genere

292 842 475 892 laudis
499 856 689 893 omnes
706 851 1065 908 superaturus
1082 850 1208 896 erat
1223 847 1464 895 omnium
1484 851 1727 898 aetatum
1747 846 1898 913 prin·

291 909 465 976 cipes,
504 909 841 962 liberalitate
862 912 1115 978 superari
1138 925 1173 960 a
1234 917 1351 960 atre
1371 911 1684 974 videretur,
1723 912 1898 962 colla·

290 980 383 1027 tos
414 975 472 1025 in
493 982 549 1025 te
580 975 648 1025 ab
671 990 738 1025 eo
758 974 1005 1027 honores
1026 991 1174 1027 nova
1222 991 1320 1040 pse
1360 976 1635 1043 dignitate
1657 977 1898 1029 cumula·

290 1039 394 1101 vit,
432 1041 860 1107 libellorumque
886 1048 945 1092 te
974 1043 1287 1110 supplicum
1312 1043 1372 1092 in
1407 1043 1536 1093 aula
1567 1045 1899 1109 magistrum

290 1121 419 1158 osse
439 1108 619 1157 voluit
638 1108 763 1157 sibi.
832 1107 919 1158 Ex
947 1123 1058 1176 quo
1086 1113 1276 1159 autem
1307 1109 1482 1175 patris
1515 1115 1695 1161 morte
1723 1110 1795 1160 ad
1813 1123 1898 1160 re-

332 1174 445 1222 ium
487 1173 701 1224 eulmen
743 1179 967 1225 evectus
1006 1179 1116 1235 est,
1157 1190 1322 1241 quem
1347 1176 1569 1226 tandem
1603 1175 1700 1227 ille
1735 1176 1898 1228 linem

290 1189 431 1290 §ecit
450 1239 683 1290 ornandi
699 1238 800 1302 tui,
828 1247 927 1290 aut
944 1254 1106 1307 quam
1126 1255 1244 1290 rem
1264 1241 1492 1292 maioris
1511 1243 1776 1293 momenti
1795 1257 1897 1294 seu

287 1305 442 1356 bello
466 1319 567 1356 seu
587 1320 722 1372 paee
744 1307 936 1373 gessit,
950 1310 1006 1358 in
1023 1322 1134 1373 qua
1151 1313 1210 1357 te
1230 1324 1340 1359 non
1362 1309 1417 1362 in
1437 1317 1650 1374 partem
1671 1321 1896 1362 suorum

290 1371 653 1424 consiliorum
676 1379 945 1439 perpetuo
964 1374 1290 1428 admiserit!
1303 1375 1411 1435 Qui
1427 1379 1618 1442 quanti
1630 1381 1687 1430 te
1703 1375 1894 1440 faciat,

288 1437 382 1489 vel
417 1451 486 1490 ex
526 1453 595 1490 eo
631 1439 874 1506 intelligi
915 1446 1121 1506 potest,
1164 1443 1312 1507 quod
1351 1442 1649 1494 sanctioris
1671 1443 1896 1496 consilii

288 1505 375 1557 sui
397 1505 709 1571 praesidem
729 1507 979 1574 inprimis
1000 1523 1129 1559 esse
1150 1514 1206 1559 te
1227 1508 1416 1561 iussit:
1439 1509 1640 1561 deinde
1665 1512 1733 1562 ad
1749 1526 1893 1563 sum·

268 1634 272 1641 ,
289 1587 435 1624 mum
454 1571 785 1625 Pontificem
802 1575 981 1636 misit,
1010 1576 1108 1640 qui
1128 1590 1286 1625 suam
1311 1576 1370 1625 in
1389 1576 1523 1627 urbe
1543 1576 1716 1629 totius
1741 1578 1894 1630 orbis

286 1644 563 1691 terrarum
608 1640 959 1690 nobilissima
994 1654 1295 1706 personam
1331 1644 1657 1694 sustineres.
1734 1643 1895 1696 Haeo

290 1720 421 1773 ego,
438 1706 734 1768 Avansoni,
748 1721 927 1773 pauca
946 1707 1017 1757 de
1038 1707 1231 1758 multis
1251 1708 1433 1758 laudis
1452 1715 1582 1760 tuae
1603 1724 1667 1760 ar
1709 1726 1894 1762 umen-

287 1778 350 1822 ta
433 1772 720 1826 erstrinxiz
755 1772 853 1822 ‘de
892 1772 1097 1839 quibus
1130 1773 1368 1840 aliisque
1399 1776 1686 1827 innumera
1725 1777 1893 1830 ilibus

289 1838 341 1889 si
360 1853 397 1887 u
438 1836 585 1887 erius
607 1839 966 1918 aecopiosius
988 1854 1426 1892 commemorare
1445 1842 1815 1907 instituerem,
1825 1845 1894 1896 li·

286 1904 447 1955 brum
470 1937 485 1964 ,
524 1918 635 1953 non
674 1905 967 1971 epistolam
987 1942 1006 1971 ,
1053 1906 1300 1958 seribere
1337 1921 1570 1961 neeesse
1607 1908 1890 1962 haberem.

286 1972 365 2022 Ae
385 1970 495 2021 erit
520 1969 747 2037 aliquod
778 1970 1025 2025 fortasse
1054 1979 1308 2041 tempus,
1331 1991 1450 2026 cum
1477 1975 1610 2027 mihi
1676 1978 1764 2028 lus
1785 1978 1890 2029 otii

287 2050 509 2088 sumere
528 2034 720 2087 licebit
755 2038 823 2089 ad
858 2053 949 2089 res
984 2045 1113 2091 tuas
1147 2040 1367 2103 maiore,
1402 2049 1466 2093 ut
1495 2045 1578 2095 ait
1653 2044 1890 2105 oratius,

275 2104 487 2170 plectro
508 2101 559 2161 ¹⁵)
597 2106 989 2156 concinendas.
1094 2106 1254 2159 Nune
1299 2116 1482 2160 autem
1529 2124 1653 2159 eum
1689 2110 1708 2158 i
1749 2122 1890 2170 sum,

288 2184 453 2237 quem
472 2169 637 2220 modo
661 2173 959 2235 nominavi,
980 2172 1280 2226 Horatium
1303 2176 1372 2226 ad
1392 2185 1450 2226 te
1473 2177 1632 2223 mitto
1655 2173 1708 2223 di
1735 2174 1890 2238 igen-

286 2242 375 2286 ter
408 2251 443 2286 a
472 2250 561 2306 me
595 2239 941 2291 emendatum
978 2248 1312 2307 auctumque
1355 2243 1488 2302 (non
1525 2237 1669 2287 enim
1707 2236 1888 2289 audeo

286 2302 494 2365 dicere,
513 2303 874 2369 illustratum)
894 2308 1354 2357 annotationibus
1382 2301 1710 2371 quibusdam
1730 2304 1890 2357 meis.

287 2368 443 2430 Quae
482 2371 533 2420 si
568 2371 671 2421 tibi
702 2378 1003 2437 tantopere
1035 2374 1362 2439 placebunt,
1405 2373 1611 2435 quanto
1641 2373 1698 2417 te
1719 2382 1890 2435 opere

285 2435 461 2502 ipsius
480 2436 707 2488 Horatii
725 2440 951 2505 seriptis
973 2438 1244 2489 delectari
1265 2437 1402 2495 scio,
1447 2433 1734 2499 praeclare
1755 2435 1889 2487 mihi

288 2502 602 2554 collocasse
640 2518 865 2571 operam
904 2504 1164 2565 videbun
1208 2502 1313 2563 sin,
1354 2500 1502 2566 quod
1523 2506 1729 2563 metuo,
1751 2501 1891 2555 nihil

288 2569 582 2621 admodum
618 2569 675 2618 in
706 2570 788 2619 eis
810 2568 985 2619 inerit
1015 2569 1271 2634 dignum,
1311 2566 1460 2633 quod
1480 2568 1547 2617 ad
1567 2572 1623 2618 te
1644 2568 1890 2617 mittere-

341 2650 384 2706 ·)
418 2650 567 2694 Cat-tn.
588 2648 672 2693 lv.
694 2653 737 2693 2.
756 2653 824 2692 8³.
