<?xml version="1.0" encoding="UTF-8"?>
<!DOCTYPE html PUBLIC "-//W3C//DTD XHTML 1.0 Transitional//EN"
    "http://www.w3.org/TR/xhtml1/DTD/xhtml1-transitional.dtd">
<html xmlns="http://www.w3.org/1999/xhtml" xml:lang="en" lang="en">
 <head>
  <title>
</title>
<meta http-equiv="Content-Type" content="text/html;charset=utf-8" />
  <meta name='ocr-system' content='tesseract 3.04.00' />
  <meta name='ocr-capabilities' content='ocr_page ocr_carea ocr_par ocr_line ocrx_word'/>
</head>
<body>
  <div class='ocr_page' id='page_1' title='image "./epistolae00unkngoog_0215.png"; bbox 0 0 2275 3025; ppageno 0'>
   <div class='ocr_carea' id='block_1_1' title="bbox 533 115 1880 174">
    <p class='ocr_par' dir='ltr' id='par_1_1' title="bbox 533 115 1880 174">
     <span class='ocr_line' id='line_1_1' title="bbox 533 115 1880 174; baseline -0.004 -4"><span class='ocrx_word' id='word_1_1' title='bbox 533 137 541 144; x_wconf 95' lang='lat'>·</span> <span class='ocrx_word' id='word_1_2' title='bbox 592 119 851 174; x_wconf 79' lang='lat' dir='ltr'><strong>EPIST.</strong></span> <span class='ocrx_word' id='word_1_3' title='bbox 898 120 1051 173; x_wconf 86' lang='lat' dir='ltr'><strong>LIB.</strong></span> <span class='ocrx_word' id='word_1_4' title='bbox 1087 120 1166 172; x_wconf 89' lang='lat'><strong>11.</strong></span> <span class='ocrx_word' id='word_1_5' title='bbox 1202 121 1324 171; x_wconf 84' lang='grc' dir='ltr'><strong>ΕΡ.</strong></span> <span class='ocrx_word' id='word_1_6' title='bbox 1361 116 1551 172; x_wconf 86' lang='lat' dir='ltr'><strong>XXV.</strong></span> <span class='ocrx_word' id='word_1_7' title='bbox 1777 115 1880 166; x_wconf 70' lang='lat'><strong>20¹1</strong></span> 
     </span>
    </p>
   </div>
   <div class='ocr_carea' id='block_1_2' title="bbox 279 218 1885 1396">
    <p class='ocr_par' dir='ltr' id='par_1_2' title="bbox 279 218 1879 347">
     <span class='ocr_line' id='line_1_2' title="bbox 279 218 1879 286; baseline -0.004 -14"><span class='ocrx_word' id='word_1_8' title='bbox 279 219 473 280; x_wconf 61' lang='lat' dir='ltr'><strong>fuisse.</strong></span> <span class='ocrx_word' id='word_1_9' title='bbox 508 219 578 270; x_wconf 79' lang='lat' dir='ltr'><strong>At</strong></span> <span class='ocrx_word' id='word_1_10' title='bbox 592 219 729 274; x_wconf 86' lang='lat' dir='ltr'><strong>mihi</strong></span> <span class='ocrx_word' id='word_1_11' title='bbox 746 233 921 286; x_wconf 82' lang='lat' dir='ltr'><strong>puero</strong></span> <span class='ocrx_word' id='word_1_12' title='bbox 942 235 1064 272; x_wconf 82' lang='lat' dir='ltr'><strong>eum</strong></span> <span class='ocrx_word' id='word_1_13' title='bbox 1084 219 1197 269; x_wconf 79' lang='lat' dir='ltr'><strong>alia</strong></span> <span class='ocrx_word' id='word_1_14' title='bbox 1212 218 1404 278; x_wconf 78' lang='lat' dir='ltr'><strong>multa,</strong></span> <span class='ocrx_word' id='word_1_15' title='bbox 1419 224 1534 270; x_wconf 85' lang='lat' dir='ltr'><strong>tum</strong></span> <span class='ocrx_word' id='word_1_16' title='bbox 1553 222 1879 286; x_wconf 82' lang='lat' dir='ltr'><strong>praecepto-</strong></span> 
     </span>
     <span class='ocr_line' id='line_1_3' title="bbox 283 282 1878 347; baseline -0.003 -11"><span class='ocrx_word' id='word_1_17' title='bbox 283 301 375 338; x_wconf 79' lang='lat' dir='ltr'><strong>res</strong></span> <span class='ocrx_word' id='word_1_18' title='bbox 412 285 725 337; x_wconf 80' lang='lat' dir='ltr'><strong>defuerunt.</strong></span> <span class='ocrx_word' id='word_1_19' title='bbox 796 284 943 338; x_wconf 86' lang='lat' dir='ltr'>Vere</span> <span class='ocrx_word' id='word_1_20' title='bbox 982 285 1127 335; x_wconf 85' lang='lat' dir='ltr'><strong>enim</strong></span> <span class='ocrx_word' id='word_1_21' title='bbox 1147 282 1275 334; x_wconf 67' lang='lat' dir='ltr'><strong>=hoe</strong></span> <span class='ocrx_word' id='word_1_22' title='bbox 1321 285 1592 334; x_wconf 76' lang='lat' dir='ltr'><strong>affirmare</strong></span> <span class='ocrx_word' id='word_1_23' title='bbox 1630 297 1878 347; x_wconf 79' lang='lat' dir='ltr'><strong>possum,</strong></span> 
     </span>
    </p>

    <p class='ocr_par' dir='ltr' id='par_1_3' title="bbox 279 348 1885 1396">
     <span class='ocr_line' id='line_1_4' title="bbox 320 348 1876 403; baseline -0.003 -1"><span class='ocrx_word' id='word_1_24' title='bbox 320 356 409 402; x_wconf 81' lang='lat' dir='ltr'><strong>ost</strong></span> <span class='ocrx_word' id='word_1_25' title='bbox 421 354 831 403; x_wconf 81' lang='lat' dir='ltr'><strong>annumaetatis</strong></span> <span class='ocrx_word' id='word_1_26' title='bbox 850 366 1010 402; x_wconf 75' lang='lat' dir='ltr'><strong>meae</strong></span> <span class='ocrx_word' id='word_1_27' title='bbox 1032 349 1422 402; x_wconf 85' lang='lat' dir='ltr'><strong>duodecimum</strong></span> <span class='ocrx_word' id='word_1_28' title='bbox 1442 350 1595 400; x_wconf 85' lang='lat' dir='ltr'><strong>nullo</strong></span> <span class='ocrx_word' id='word_1_29' title='bbox 1617 362 1704 398; x_wconf 88' lang='lat' dir='ltr'><strong>me</strong></span> <span class='ocrx_word' id='word_1_30' title='bbox 1715 348 1876 398; x_wconf 78' lang='lat' dir='ltr'><strong>adul-</strong></span> 
     </span>
     <span class='ocr_line' id='line_1_5' title="bbox 280 366 1878 485; baseline -0.002 -18"><span class='ocrx_word' id='word_1_31' title='bbox 280 366 390 485; x_wconf 65' lang='lat' dir='ltr'><strong>fam</strong></span> <span class='ocrx_word' id='word_1_32' title='bbox 412 424 589 468; x_wconf 80' lang='lat' dir='ltr'><strong>artem</strong></span> <span class='ocrx_word' id='word_1_33' title='bbox 600 433 671 468; x_wconf 87' lang='lat' dir='ltr'><strong>ne</strong></span> <span class='ocrx_word' id='word_1_34' title='bbox 712 433 782 469; x_wconf 91' lang='lat' dir='ltr'><strong>ue</strong></span> <span class='ocrx_word' id='word_1_35' title='bbox 801 418 1059 485; x_wconf 76' lang='lat' dir='ltr'><strong>privatim</strong></span> <span class='ocrx_word' id='word_1_36' title='bbox 1082 429 1264 483; x_wconf 86' lang='lat' dir='ltr'><strong>neque</strong></span> <span class='ocrx_word' id='word_1_37' title='bbox 1278 415 1497 482; x_wconf 85' lang='lat' dir='ltr'><strong>publice</strong></span> <span class='ocrx_word' id='word_1_38' title='bbox 1513 420 1878 482; x_wconf 76' lang='lat' dir='ltr'>praeceptore</span> 
     </span>
     <span class='ocr_line' id='line_1_6' title="bbox 279 482 1881 554; baseline -0.004 -21"><span class='ocrx_word' id='word_1_39' title='bbox 279 498 441 533; x_wconf 83' lang='lat' dir='ltr'><strong>usum</strong></span> <span class='ocrx_word' id='word_1_40' title='bbox 464 498 607 534; x_wconf 81' lang='lat' dir='ltr'><strong>esse.</strong></span> <span class='ocrx_word' id='word_1_41' title='bbox 734 499 1025 554; x_wconf 69' lang='lat' dir='ltr'><strong>numquam</strong></span> <span class='ocrx_word' id='word_1_42' title='bbox 1063 484 1209 533; x_wconf 87' lang='lat' dir='ltr'><strong>enim</strong></span> <span class='ocrx_word' id='word_1_43' title='bbox 1245 482 1485 534; x_wconf 75' lang='lat' dir='ltr'><strong>pictavii</strong></span> <span class='ocrx_word' id='word_1_44' title='bbox 1499 519 1514 544; x_wconf 96' lang='lat'>,</span> <span class='ocrx_word' id='word_1_45' title='bbox 1535 495 1662 548; x_wconf 74' lang='lat' dir='ltr'><strong>‘quo</strong></span> <span class='ocrx_word' id='word_1_46' title='bbox 1681 494 1768 536; x_wconf 67' lang='lat' dir='ltr'><strong>nie</strong></span> <span class='ocrx_word' id='word_1_47' title='bbox 1789 493 1881 545; x_wconf 81' lang='lat' dir='ltr'><strong>pa-</strong></span> 
     </span>
     <span class='ocr_line' id='line_1_7' title="bbox 279 545 1883 616; baseline -0.001 -18"><span class='ocrx_word' id='word_1_48' title='bbox 279 555 467 600; x_wconf 78' lang='lat' dir='ltr'><strong>rentes</strong></span> <span class='ocrx_word' id='word_1_49' title='bbox 489 550 559 598; x_wconf 83' lang='lat' dir='ltr'><strong>ad</strong></span> <span class='ocrx_word' id='word_1_50' title='bbox 593 550 957 600; x_wconf 82' lang='lat' dir='ltr'><strong>excolendum</strong></span> <span class='ocrx_word' id='word_1_51' title='bbox 986 550 1272 616; x_wconf 79' lang='lat' dir='ltr'>ingenium</span> <span class='ocrx_word' id='word_1_52' title='bbox 1291 549 1558 599; x_wconf 77' lang='lat' dir='ltr'><strong>miserant</strong></span> <span class='ocrx_word' id='word_1_53' title='bbox 1575 584 1591 611; x_wconf 91' lang='lat'>‚</span> <span class='ocrx_word' id='word_1_54' title='bbox 1622 547 1769 597; x_wconf 79' lang='lat' dir='ltr'><strong>ibam</strong></span> <span class='ocrx_word' id='word_1_55' title='bbox 1803 545 1883 596; x_wconf 88' lang='lat' dir='ltr'><strong>in·</strong></span> 
     </span>
     <span class='ocr_line' id='line_1_8' title="bbox 280 614 1880 683; baseline -0.003 -19"><span class='ocrx_word' id='word_1_56' title='bbox 280 614 501 665; x_wconf 73' lang='lat' dir='ltr'><strong>tei-dum</strong></span> <span class='ocrx_word' id='word_1_57' title='bbox 534 614 604 664; x_wconf 78' lang='lat' dir='ltr'><strong>ad</strong></span> <span class='ocrx_word' id='word_1_58' title='bbox 626 629 752 676; x_wconf 79' lang='lat' dir='ltr'><strong>eos,</strong></span> <span class='ocrx_word' id='word_1_59' title='bbox 784 617 879 683; x_wconf 86' lang='lat' dir='ltr'><strong>qui</strong></span> <span class='ocrx_word' id='word_1_60' title='bbox 898 616 984 666; x_wconf 80' lang='lat' dir='ltr'><strong>ius</strong></span> <span class='ocrx_word' id='word_1_61' title='bbox 1007 617 1170 666; x_wconf 87' lang='lat' dir='ltr'><strong>civile</strong></span> <span class='ocrx_word' id='word_1_62' title='bbox 1190 614 1621 680; x_wconf 76' lang='lat' dir='ltr'><strong>profitebantur,</strong></span> <span class='ocrx_word' id='word_1_63' title='bbox 1650 625 1880 677; x_wconf 82' lang='lat' dir='ltr'><strong>perraro</strong></span> 
     </span>
     <span class='ocr_line' id='line_1_9' title="bbox 281 677 1881 749; baseline -0.002 -19"><span class='ocrx_word' id='word_1_64' title='bbox 281 686 467 730; x_wconf 81' lang='lat' dir='ltr'><strong>tamen</strong></span> <span class='ocrx_word' id='word_1_65' title='bbox 504 677 567 732; x_wconf 83' lang='lat' dir='ltr'><strong>id</strong></span> <span class='ocrx_word' id='word_1_66' title='bbox 604 679 904 743; x_wconf 78' lang='lat' dir='ltr'><strong>faciebam,</strong></span> <span class='ocrx_word' id='word_1_67' title='bbox 943 695 1123 749; x_wconf 84' lang='lat' dir='ltr'><strong>neque</strong></span> <span class='ocrx_word' id='word_1_68' title='bbox 1149 687 1360 746; x_wconf 75' lang='lat' dir='ltr'><strong>tamut</strong></span> <span class='ocrx_word' id='word_1_69' title='bbox 1387 680 1684 747; x_wconf 80' lang='lat' dir='ltr'><strong>quidquam</strong></span> <span class='ocrx_word' id='word_1_70' title='bbox 1707 693 1776 730; x_wconf 83' lang='lat' dir='ltr'><strong>ex</strong></span> <span class='ocrx_word' id='word_1_71' title='bbox 1798 677 1881 727; x_wconf 80' lang='lat' dir='ltr'><strong>eis</strong></span> 
     </span>
     <span class='ocr_line' id='line_1_10' title="bbox 286 744 1882 813; baseline -0.002 -18"><span class='ocrx_word' id='word_1_72' title='bbox 286 744 586 808; x_wconf 80' lang='lat' dir='ltr'><strong>discerem,</strong></span> <span class='ocrx_word' id='word_1_73' title='bbox 625 762 783 813; x_wconf 85' lang='lat' dir='ltr'><strong>quam</strong></span> <span class='ocrx_word' id='word_1_74' title='bbox 811 755 872 798; x_wconf 88' lang='lat' dir='ltr'><strong>ut</strong></span> <span class='ocrx_word' id='word_1_75' title='bbox 896 749 1035 798; x_wconf 80' lang='lat' dir='ltr'><strong>meis</strong></span> <span class='ocrx_word' id='word_1_76' title='bbox 1066 749 1305 798; x_wconf 78' lang='lat' dir='ltr'><strong>animum</strong></span> <span class='ocrx_word' id='word_1_77' title='bbox 1327 762 1394 797; x_wconf 82' lang='lat' dir='ltr'><strong>ex</strong></span> <span class='ocrx_word' id='word_1_78' title='bbox 1435 747 1631 808; x_wconf 81' lang='lat' dir='ltr'><strong>lerem,</strong></span> <span class='ocrx_word' id='word_1_79' title='bbox 1711 744 1765 794; x_wconf 81' lang='lat' dir='ltr'><strong>ui</strong></span> <span class='ocrx_word' id='word_1_80' title='bbox 1793 757 1882 793; x_wconf 85' lang='lat' dir='ltr'><strong>me</strong></span> 
     </span>
     <span class='ocr_line' id='line_1_11' title="bbox 286 811 1884 866; baseline -0.002 -5"><span class='ocrx_word' id='word_1_81' title='bbox 286 813 341 862; x_wconf 89' lang='lat' dir='ltr'><strong>ei</strong></span> <span class='ocrx_word' id='word_1_82' title='bbox 377 812 564 862; x_wconf 85' lang='lat' dir='ltr'><strong>studio</strong></span> <span class='ocrx_word' id='word_1_83' title='bbox 602 813 947 866; x_wconf 78' lang='lat' dir='ltr'><strong>addixerant.</strong></span> <span class='ocrx_word' id='word_1_84' title='bbox 1017 814 1326 864; x_wconf 74' lang='lat' dir='ltr'><strong>Eveniebat</strong></span> <span class='ocrx_word' id='word_1_85' title='bbox 1361 814 1381 864; x_wconf 92' lang='lat' dir='ltr'><strong>i</strong></span> <span class='ocrx_word' id='word_1_86' title='bbox 1445 811 1580 864; x_wconf 84' lang='lat' dir='ltr'><strong>mihi</strong></span> <span class='ocrx_word' id='word_1_87' title='bbox 1608 813 1665 864; x_wconf 88' lang='lat' dir='ltr'><strong>in</strong></span> <span class='ocrx_word' id='word_1_88' title='bbox 1711 812 1884 861; x_wconf 87' lang='lat' dir='ltr'><strong>omita</strong></span> 
     </span>
     <span class='ocr_line' id='line_1_12' title="bbox 285 877 1885 946; baseline -0.001 -19"><span class='ocrx_word' id='word_1_89' title='bbox 285 877 520 943; x_wconf 77' lang='lat' dir='ltr'><strong>quadam</strong></span> <span class='ocrx_word' id='word_1_90' title='bbox 539 881 903 943; x_wconf 77' lang='lat' dir='ltr'><strong>perversitate</strong></span> <span class='ocrx_word' id='word_1_91' title='bbox 927 886 985 931; x_wconf 85' lang='lat' dir='ltr'><strong>et</strong></span> <span class='ocrx_word' id='word_1_92' title='bbox 1003 880 1324 946; x_wconf 83' lang='lat' dir='ltr'><strong>pervicacia</strong></span> <span class='ocrx_word' id='word_1_93' title='bbox 1343 879 1571 945; x_wconf 85' lang='lat' dir='ltr'><strong>ingenii,</strong></span> <span class='ocrx_word' id='word_1_94' title='bbox 1593 885 1655 930; x_wconf 90' lang='lat' dir='ltr'><strong>ut</strong></span> <span class='ocrx_word' id='word_1_95' title='bbox 1671 877 1885 930; x_wconf 85' lang='lat' dir='ltr'><strong>nullum</strong></span> 
     </span>
     <span class='ocr_line' id='line_1_13' title="bbox 286 943 1884 1012; baseline -0.002 -18"><span class='ocrx_word' id='word_1_96' title='bbox 286 945 574 994; x_wconf 84' lang='lat' dir='ltr'><strong>doctorem</strong></span> <span class='ocrx_word' id='word_1_97' title='bbox 599 946 843 997; x_wconf 81' lang='lat' dir='ltr'><strong>triduum</strong></span> <span class='ocrx_word' id='word_1_98' title='bbox 871 945 1021 996; x_wconf 75' lang='lat' dir='ltr'><strong>ferre</strong></span> <span class='ocrx_word' id='word_1_99' title='bbox 1050 959 1292 1012; x_wconf 76' lang='lat' dir='ltr'><strong>possem.</strong></span> <span class='ocrx_word' id='word_1_100' title='bbox 1365 945 1534 995; x_wconf 82' lang='lat' dir='ltr'><strong>Cuius</strong></span> <span class='ocrx_word' id='word_1_101' title='bbox 1558 943 1884 1010; x_wconf 86' lang='lat' dir='ltr'><strong>improbita-</strong></span> 
     </span>
     <span class='ocr_line' id='line_1_14' title="bbox 283 1010 1883 1078; baseline -0.001 -18"><span class='ocrx_word' id='word_1_102' title='bbox 283 1010 359 1060; x_wconf 79' lang='lat' dir='ltr'><strong>tis</strong></span> <span class='ocrx_word' id='word_1_103' title='bbox 394 1010 558 1061; x_wconf 77' lang='lat' dir='ltr'><strong>valde</strong></span> <span class='ocrx_word' id='word_1_104' title='bbox 594 1025 682 1062; x_wconf 87' lang='lat' dir='ltr'><strong>me</strong></span> <span class='ocrx_word' id='word_1_105' title='bbox 718 1017 919 1078; x_wconf 79' lang='lat' dir='ltr'><strong>postea</strong></span> <span class='ocrx_word' id='word_1_106' title='bbox 959 1027 1025 1062; x_wconf 78' lang='lat' dir='ltr'><strong>ac</strong></span> <span class='ocrx_word' id='word_1_107' title='bbox 1064 1013 1160 1062; x_wconf 90' lang='lat' dir='ltr'><strong>diu</strong></span> <span class='ocrx_word' id='word_1_108' title='bbox 1235 1012 1473 1062; x_wconf 83' lang='lat' dir='ltr'><strong>oenituit</strong></span> <span class='ocrx_word' id='word_1_109' title='bbox 1500 1011 1883 1076; x_wconf 76' lang='lat' dir='ltr'><strong>poenitetque.</strong></span> 
     </span>
     <span class='ocr_line' id='line_1_15' title="bbox 284 1076 1880 1143; baseline 0 -17"><span class='ocrx_word' id='word_1_110' title='bbox 284 1077 354 1126; x_wconf 87' lang='lat' dir='ltr'><strong>At</strong></span> <span class='ocrx_word' id='word_1_111' title='bbox 373 1076 496 1137; x_wconf 83' lang='lat' dir='ltr'><strong>tibi,</strong></span> <span class='ocrx_word' id='word_1_112' title='bbox 520 1091 625 1127; x_wconf 86' lang='lat' dir='ltr'><strong>-me</strong></span> <span class='ocrx_word' id='word_1_113' title='bbox 644 1077 793 1138; x_wconf 81' lang='lat' dir='ltr'><strong>vivo,</strong></span> <span class='ocrx_word' id='word_1_114' title='bbox 831 1091 1012 1143; x_wconf 90' lang='lat' dir='ltr'><strong>neque</strong></span> <span class='ocrx_word' id='word_1_115' title='bbox 1036 1077 1166 1138; x_wconf 80' lang='lat' dir='ltr'><strong>dux,</strong></span> <span class='ocrx_word' id='word_1_116' title='bbox 1245 1081 1482 1136; x_wconf 76' lang='lat' dir='ltr'><strong>ortator,</strong></span> <span class='ocrx_word' id='word_1_117' title='bbox 1521 1076 1768 1126; x_wconf 84' lang='lat' dir='ltr'><strong>monitor</strong></span> <span class='ocrx_word' id='word_1_118' title='bbox 1787 1077 1880 1126; x_wconf 85' lang='lat' dir='ltr'><strong>de·</strong></span> 
     </span>
     <span class='ocr_line' id='line_1_16' title="bbox 288 1141 1882 1210; baseline 0.001 -19"><span class='ocrx_word' id='word_1_119' title='bbox 288 1142 421 1202; x_wconf 85' lang='lat' dir='ltr'><strong>erit,</strong></span> <span class='ocrx_word' id='word_1_120' title='bbox 452 1147 510 1192; x_wconf 88' lang='lat' dir='ltr'><strong>et</strong></span> <span class='ocrx_word' id='word_1_121' title='bbox 529 1157 669 1207; x_wconf 79' lang='lat' dir='ltr'><strong>quae</strong></span> <span class='ocrx_word' id='word_1_122' title='bbox 694 1147 989 1207; x_wconf 78' lang='lat' dir='ltr'><strong>praeterea</strong></span> <span class='ocrx_word' id='word_1_123' title='bbox 1008 1145 1366 1210; x_wconf 82' lang='lat' dir='ltr'><strong>requiruntur</strong></span> <span class='ocrx_word' id='word_1_124' title='bbox 1380 1177 1395 1204; x_wconf 90' lang='lat'>,</span> <span class='ocrx_word' id='word_1_125' title='bbox 1415 1141 1650 1203; x_wconf 79' lang='lat' dir='ltr'><strong>abunde,</strong></span> <span class='ocrx_word' id='word_1_126' title='bbox 1675 1142 1725 1192; x_wconf 77' lang='lat' dir='ltr'><strong>ei</strong></span> <span class='ocrx_word' id='word_1_127' title='bbox 1746 1142 1882 1193; x_wconf 79' lang='lat' dir='ltr'><strong>deus</strong></span> 
     </span>
     <span class='ocr_line' id='line_1_17' title="bbox 285 1207 1881 1273; baseline 0.002 -16"><span class='ocrx_word' id='word_1_128' title='bbox 285 1207 458 1268; x_wconf 80' lang='lat' dir='ltr'><strong>volet,</strong></span> <span class='ocrx_word' id='word_1_129' title='bbox 502 1214 798 1273; x_wconf 79' lang='lat' dir='ltr'><strong>suppetent</strong></span> <span class='ocrx_word' id='word_1_130' title='bbox 839 1209 1039 1260; x_wconf 79' lang='lat' dir='ltr'><strong>omnia.</strong></span> <span class='ocrx_word' id='word_1_131' title='bbox 1110 1207 1254 1260; x_wconf 87' lang='lat' dir='ltr'><strong>Vide</strong></span> <span class='ocrx_word' id='word_1_132' title='bbox 1292 1207 1460 1258; x_wconf 89' lang='lat' dir='ltr'><strong>modo</strong></span> <span class='ocrx_word' id='word_1_133' title='bbox 1497 1214 1576 1270; x_wconf 84' lang='lat' dir='ltr'><strong>tu,</strong></span> <span class='ocrx_word' id='word_1_134' title='bbox 1615 1223 1684 1258; x_wconf 92' lang='lat' dir='ltr'><strong>ne</strong></span> <span class='ocrx_word' id='word_1_135' title='bbox 1698 1211 1733 1270; x_wconf 83' lang='grc'><strong>,”</strong></span> <span class='ocrx_word' id='word_1_136' title='bbox 1759 1223 1881 1260; x_wconf 85' lang='lat' dir='ltr'><strong>cum</strong></span> 
     </span>
     <span class='ocr_line' id='line_1_18' title="bbox 286 1272 1881 1340; baseline 0.004 -18"><span class='ocrx_word' id='word_1_137' title='bbox 286 1272 439 1323; x_wconf 77' lang='lat' dir='ltr'><strong>aliud</strong></span> <span class='ocrx_word' id='word_1_138' title='bbox 461 1272 602 1323; x_wconf 83' lang='lat' dir='ltr'><strong>nihil</strong></span> <span class='ocrx_word' id='word_1_139' title='bbox 621 1274 782 1336; x_wconf 84' lang='lat' dir='ltr'><strong>desit,</strong></span> <span class='ocrx_word' id='word_1_140' title='bbox 802 1275 925 1340; x_wconf 85' lang='lat' dir='ltr'><strong>ipse</strong></span> <span class='ocrx_word' id='word_1_141' title='bbox 947 1276 1077 1326; x_wconf 85' lang='lat' dir='ltr'><strong>olim</strong></span> <span class='ocrx_word' id='word_1_142' title='bbox 1098 1275 1202 1326; x_wconf 84' lang='lat' dir='ltr'><strong>tibi</strong></span> <span class='ocrx_word' id='word_1_143' title='bbox 1222 1273 1468 1326; x_wconf 75' lang='lat' dir='ltr'><strong>defuisse</strong></span> <span class='ocrx_word' id='word_1_144' title='bbox 1489 1274 1712 1326; x_wconf 78' lang='lat' dir='ltr'><strong>dicaris.</strong></span> <span class='ocrx_word' id='word_1_145' title='bbox 1771 1275 1881 1328; x_wconf 76' lang='lat' dir='ltr'><strong>Ro-</strong></span> 
     </span>
     <span class='ocr_line' id='line_1_19' title="bbox 283 1339 1250 1396; baseline 0.002 -6"><span class='ocrx_word' id='word_1_146' title='bbox 283 1353 426 1390; x_wconf 78' lang='lat' dir='ltr'><strong>mae.</strong></span> <span class='ocrx_word' id='word_1_147' title='bbox 455 1339 643 1392; x_wconf 74' lang='lat' dir='ltr'><strong>Idibus</strong></span> <span class='ocrx_word' id='word_1_148' title='bbox 663 1339 959 1395; x_wconf 77' lang='lat' dir='ltr'><strong>Novembr.</strong></span> <span class='ocrx_word' id='word_1_149' title='bbox 982 1354 1250 1396; x_wconf 68' lang='lat' dir='ltr'><strong>unnxxx.</strong></span> 
     </span>
    </p>
   </div>
  </div>
 </body>
</html>
