2275 3025
534 151 795 204 EPIST.
830 131 1001 224 Lm:
1024 151 1137 203 111.
1174 152 1296 205 ΕΡ.
1323 153 1462 205 xu.
1493 154 1666 206 xm.
1806 154 1908 212 223

306 253 489 322 gratia
518 253 921 304 constitueram
962 258 1218 318 repertas
1253 267 1287 302 a
1311 268 1400 303 me
1426 254 1486 304 in
1508 254 1698 314 Gallia
1721 269 1907 322 neque

303 335 477 388 usque
498 322 558 370 in
580 318 723 370 hunc
742 316 901 385 ,diem
922 333 957 368 a
974 333 1252 384 quoquam
1272 319 1426 370 divul
1497 325 1584 370 tas
1605 319 1906 384 Victorini,

302 388 510 440 veteris
550 402 663 438 non
686 383 931 436 rhetoris
963 385 1162 447 modo,
1207 385 1308 436 sed
1334 384 1426 451 phi
1457 385 1658 451 asophi
1683 402 1906 454 quoque

300 469 370 508 ac
410 452 693 518 theologi,
748 451 1167 504 lucubrationes
1203 455 1262 502 in
1305 451 1586 518 publicum
1625 454 1906 516 emittere5

302 531 539 586 cumque
565 521 623 570 in
648 519 735 568 eis
764 517 1122 568 emendandis
1152 533 1262 568 non
1290 533 1518 586 parvum
1543 518 1796 570 lahorem
1819 536 1911 570 su·

302 587 617 646 stulissem‚
654 583 721 634 ad
751 591 811 636 te
837 585 1186 650 potissimum
1206 586 1428 636 mittere
1452 591 1509 636 et
1525 585 1633 636 tihi
1651 585 1810 651 quasi
1829 585 1909 634 di-

304 667 435 704 care
456 688 471 714 ,
508 651 772 717 quicquid
796 652 855 702 in
874 651 963 702 eis
994 666 1119 700 mea
1145 643 1424 703 industria
1451 651 1712 708 effectu-m
1733 655 1906 702 esset:

306 719 530 784 iamque⁴
548 717 605 767 id
622 716 903 779 fecissem,
915 718 1024 768 nisi
1042 732 1130 768 me
1150 719 1434 784 quiddam,
1449 717 1908 785 quodaliquando

302 785 611 850 intelliges,
629 784 989 839 retardasset.
1062 786 1150 836 Tu
1168 786 1404 848 interea,
1425 787 1502 839 mi
1523 785 1772 846 Sacrate,
1786 799 1908 851 per-

298 866 405 919 ges
426 865 611 901 amare
632 867 719 902 me
732 888 747 914 ,
766 857 831 904 ut
848 850 1017 913 facis,
1038 851 1252 918 tibique
1271 859 1430 904 certo
1445 851 1828 919 persuadebis,
1851 857 1907 902 te

304 933 339 968 a
374 931 465 968 me
502 917 703 969 merito
740 925 839 969 tuo
876 917 1210 969 mirabiliter
1245 919 1436 970 amari.
1509 917 1776 970 Salutabo
1807 923 1906 968 tuo

298 986 528 1036 nemim
547 983 893 1046 laninessum,
912 999 1039 1034 cum
1060 985 1296 1050 primum
1315 999 1445 1038 eum
1461 984 1676 1038 videro.
1745 983 1906 1036 Vale.

302 1066 355 1102 v.
376 1050 455 1102 ld.
478 1050 631 1103 Sext.
654 1065 912 1104 nnnxtn.
936 1051 1166 1102 Romae.

719 1351 884 1406 xm.
916 1365 1140 1406 nmen
1178 1367 1494 1408 sAcaA'ro.

304 1475 313 1482 ·
368 1419 445 1501 E
472 1459 569 1506 tuo
596 1460 709 1504 nm
734 1455 997 1506 diuturno
1028 1455 1254 1507 silentio
1283 1457 1600 1523 suspicatus
1629 1471 1807 1518 eraut,
1846 1464 1904 1508 te

302 1519 563 1573 Ferraria
578 1522 811 1586 abesse,
840 1524 1119 1589 ideoquei
1161 1538 1222 1575 se
1253 1539 1474 1590 quoque
1497 1526 1905 1576 intermiseram

300 1588 569 1650 scribere,
590 1588 772 1640 donec
794 1587 925 1640 mihi
943 1590 1126 1639 Marte
1175 1590 1262 1639 ius
1283 1592 1532 1654 primum,
1549 1590 1748 1639 deinde
1763 1590 1905 1639 Lae·

303 1652 413 1705 lias
432 1656 741 1716 Gavardus‚
764 1654 1039 1721 eleganti,
1060 1661 1123 1704 ut
1141 1655 1320 1704 visum
1342 1660 1445 1713 est,
1465 1654 1522 1703 in
1566 1656 1693 1703 enio
1717 1654 1906 1705 adole-

303 1735 483 1781 scens,
509 1720 745 1771 salutem
762 1722 877 1770 tuis
899 1719 1083 1769 verbis
1104 1720 1450 1768 nunciarunt.
1555 1734 1658 1769 uae
1679 1710 1788 1769 fuit
1808 1719 1910 1771 illa

304 1786 525 1851 quidem
534 1784 671 1836 mihi
682 1800 781 1851 pro
793 1800 861 1835 eo
873 1800 939 1834 ac
948 1784 1141 1834 debuit
1150 1785 1485 1851 gratissima3
1498 1785 1597 1836 sed
1609 1800 1638 1835 e
1647 1800 1906 1837 sermo-ne

303 1850 573 1903 Martellii
603 1866 725 1902 eam
754 1852 880 1917 cepi
904 1851 1219 1901 molestiam
1247 1866 1358 1901 non
1388 1866 1521 1901 sane
1547 1852 1904 1915 mediocrem,

304 1917 453 1985 quod
474 1932 544 1967 ex
562 1932 631 1967 eo
650 1918 723 1967 de
742 1917 1542 1985 molestiisffluibustuinterea
1554 1918 1906 1971 conflictatus

304 2000 385 2047 es,
397 1990 457 2035 et
476 1983 544 2033 de
560 1984 755 2034 matris
764 1990 893 2035 tuae
905 1985 1244 2035 lectissimae
1258 1991 1316 2035 et
1326 1990 1382 2036 te
1393 1986 1496 2036 tali
1515 1986 1632 2037 filio
1646 1986 1700 2037 di
1706 1988 1905 2053 guissi-

300 2066 425 2103 mae
445 2050 691 2103 mulieris
716 2052 1039 2103 infirmitate
1068 2052 1327 2119 cognovi.
1366 2052 1559 2119 ltaque
1588 2054 1904 2121 cogitabam

303 2119 480 2186 primo
510 2132 729 2185 quoque
758 2125 1011 2185 tempore
1032 2119 1101 2170 ad
1122 2126 1180 2169 te
1203 2134 1434 2171 exarare
1461 2120 1673 2185 aliquid
1693 2120 1904 2169 littera·

303 2199 554 2250 rum‚quo
568 2188 625 2235 et
635 2200 925 2253 purgarem
934 2200 1040 2247 me,
1051 2187 1141 2253 qui
1154 2192 1265 2236 tam
1273 2186 1374 2236 diu
1385 2184 1524 2237 nihil
1535 2186 1905 2251 scripsissem,

304 2252 692 2313 etminuerem,
707 2260 968 2317 quantum
984 2252 1045 2304 id
1060 2253 1281 2319 quidem
1295 2252 1350 2303 in
1363 2268 1450 2303 me
1473 2257 1642 2314 esset,
1657 2251 1905 2317 aegritu·

299 2318 486 2369 dinem
493 2324 663 2369 tuam.
680 2318 791 2371 Sed
800 2320 927 2370 dum
934 2320 1082 2370 diem
1094 2334 1164 2371 ex
1173 2320 1264 2369 die
1277 2318 1611 2381 duco,homo
1621 2332 1746 2369 eum
1757 2324 1906 2371 cete-

302 2386 379 2437 ris
397 2386 455 2437 in
474 2386 639 2435 rebus
650 2401 765 2437 non
785 2386 1081 2437 admodum
1098 2385 1422 2448 industrius,
1432 2392 1548 2435 turn
1570 2384 1640 2434 ad
1659 2384 1904 2437 scriben-

305 2452 430 2502 dum
468 2452 819 2519 pigerrimus,
860 2456 996 2514 (non
1030 2453 1200 2505 modo
1241 2452 1387 2505 enim
1425 2464 1592 2501 nosse
1630 2466 1733 2501 sua
1766 2451 1906 2501 vitia

301 2516 508 2570 bellum
528 2526 633 2581 est,
650 2535 835 2571 verum
857 2520 1025 2570 etiam
1047 2519 1346 2583 fateri,)tu‚
1361 2532 1468 2585 quo
1489 2532 1652 2578 nemo
1671 2532 1904 2584 usquam

302 2584 359 2635 in
379 2588 530 2637 omni
554 2601 762 2653 genere
783 2584 1075 2640 humanior
1102 2592 1198 2636 aut
1217 2585 1524 2636 officiosior
1543 2591 1648 2647 est,
1671 2598 1904 2649 occupa·

302 2652 393 2718 sti,
429 2653 619 2705 missis
657 2654 730 2706 ad
755 2668 844 2707 me
872 2652 1220 2707 suavissimis
1247 2658 1306 2707 et
1319 2651 1667 2719 reliquarum
1684 2658 1903 2701 tuarum
