2275 3025
395 187 458 238 ¹16
923 184 998 236 Μ.
1035 185 1096 237 Α.
1131 185 1447 239 MURETI

395 302 685 340 commune
706 294 818 347 est,
851 286 997 353 quod
1017 288 1197 339 utilia
1215 286 1565 339 efficientiam
1585 286 1805 354 quidem
1826 300 1981 337 suam

397 354 682 407 declarant
703 356 761 407 in
788 353 1058 405 inferiora
1081 353 1218 406 haec
1248 356 1503 422 viresque
1530 355 1588 405 in
1618 368 1685 405 ea
1721 360 1987 405 exercent

397 438 550 484 suas,
575 421 674 473 sed
695 421 763 472 ab
788 422 868 471 eis
889 421 1028 473 nihil
1066 422 1311 474 vicissim
1330 424 1582 487 accipere
1606 427 1679 482 et,
1702 427 1763 471 ut
1782 419 1983 471 Graeci

395 504 497 544 sua
522 490 712 555 lingua
731 488 935 551 dicunt,
947 489 1060 555 pati
1084 496 1313 556 queunt=
1336 492 1417 541 sic
1438 505 1539 539 vos
1556 490 1852 555 potestatis
1872 488 1989 555 qui-

400 557 522 609 dem
545 556 934 622 copiarumque
955 554 1261 605 vestrarum
1286 557 1615 607 documenta
1633 554 1986 606 sublevandis

394 621 754 685 inferioribus
803 622 971 685 datis}
1023 622 1133 687 ipsi
1168 623 1413 673 vicissim
1454 624 1743 691 quicquam
1782 622 1851 675 ab
1902 623 1987 673 eis
2014 633 2025 643 ·

397 697 616 759 praeter
642 689 860 740 laudem
886 703 952 738 ac
979 689 1450 754 praedicationem
1466 727 1481 752 ‚
1520 697 1718 741 testem
1749 689 1894 757 grati
1922 703 1987 739 ac

396 757 657 809 memoris
690 756 882 817 animi,
915 756 1201 821 percipere
1224 772 1331 807 non
1350 757 1607 823 potestis.
1676 759 1794 824 Ago
1813 757 1989 823 igitur

398 823 500 875 tibi
521 837 682 889 quam
701 822 966 873 maximas
989 824 1217 889 gratias,
1229 823 1537 874 Cardinalis
1554 821 1986 884 clarissime,hu-

397 890 739 950 manissime,
772 890 976 954 optime
993 924 1009 951 ‚
1031 904 1325 958 agamque,
1350 890 1477 941 dum
1496 892 1701 953 vivam,
1720 892 1932 958 tibique
1954 905 1989 941 a

398 972 608 1009 summo
643 954 805 1007 huius
831 957 1207 1009 universitatis
1238 957 1505 1009 effectore
1528 972 1593 1007 ac
1613 957 1988 1039 gubernatore

399 1024 523 1075 Deo
545 1024 787 1077 assiduis
813 1024 958 1075 votis
974 1023 1161 1076 fausta
1187 1040 1252 1077 ac
1276 1023 1467 1077 felicia
1493 1040 1677 1075 omnia
1694 1025 1991 1091 precabor-3

400 1106 513 1144 non
585 1091 697 1143 uod
722 1106 810 1142 me
851 1091 1074 1161 dignum
1114 1091 1450 1154 existimem,
1490 1092 1645 1143 cuius
1673 1098 1806 1143 vota
1828 1092 1899 1143 ab
1920 1106 1991 1143 eo

401 1164 553 1211 atten
596 1166 786 1222 antur‚‘
814 1158 913 1209 sed
943 1158 1091 1226 quod
1118 1166 1179 1211 tu
1200 1161 1583 1228 dignissimus,
1605 1174 1705 1226 pro
1728 1162 1883 1211 cuius
1906 1174 1992 1210 sa-

401 1227 518 1278 lute
541 1232 706 1293 atque
726 1226 1108 1282 incolumitate
1129 1230 1296 1278 etiam
1316 1242 1527 1289 eorum,
1558 1228 1650 1293 qui
1672 1242 1769 1293 per
1791 1242 1852 1279 se
1874 1226 1992 1277 nul-

403 1294 460 1345 lo
482 1307 709 1344 numero
731 1290 969 1344 habendi
988 1301 1133 1355 sunt,
1156 1308 1349 1359 preces
1370 1310 1483 1345 non
1503 1294 1872 1361 negligantur.
1910 1293 1997 1344 lta

336 1380 342 1389 ·
404 1360 579 1427 igitur
591 1358 816 1409 faciamz
853 1359 1196 1410 conservabo
1218 1359 1855 1427 diligenter-memoriam
1874 1361 1994 1411 eius

405 1425 786 1486 humanitatis,
809 1438 917 1493 qua
933 1431 995 1477 tu
1013 1442 1100 1477 me
1119 1429 1523 1489 immerentem,
1544 1427 1673 1477 talis
1696 1433 1995 1496 tantusque

403 1494 518 1557 vir,
543 1492 862 1560 complexus
894 1507 981 1558 es3
1017 1498 1189 1561 utque
1222 1500 1317 1546 tuo
1351 1493 1421 1546 de
1446 1508 1534 1546 me
1555 1494 1897 1563 amplissimo
1917 1502 1991 1548 at·

406 1575 512 1630 que
549 1559 1113 1613 honorificentissimo
1152 1563 1501 1625 testimonio,
1540 1570 1801 1630 quantum
1826 1565 1883 1614 in
1907 1575 1997 1614 me

407 1630 539 1692 erit,
559 1627 950 1696 respondeam,
970 1629 1153 1680 modis
1176 1630 1428 1682 omnibus
1450 1645 1674 1697 operam
1694 1630 1856 1682 dabo.
1924 1630 1995 1682 11·

404 1696 740 1748 lusti-issimo
772 1695 991 1763 quidem
1012 1697 1294 1750 Cardinali
1318 1697 1689 1760 Ferrariensi,
1717 1698 1789 1749 ad
1815 1713 1996 1766 quem,

403 1772 500 1817 tua
528 1765 874 1831 potissimum
902 1765 1236 1817 auctoritate
1274 1765 1568 1826 adductus,
1615 1781 1701 1816 me
1734 1781 1855 1816 cum
1886 1765 1996 1834 pri-

405 1847 552 1882 mum
571 1837 770 1897 potero
792 1831 1098 1896 conferam,
1121 1834 1513 1885 commissurus
1535 1847 1643 1883 non
1662 1849 1799 1894 sum,
1820 1838 1880 1883 ut
1902 1849 1995 1883 un-

406 1913 570 1965 quam
595 1899 786 1948 venire
812 1901 992 1964 possit
1015 1900 1074 1949 in
1098 1908 1361 1964 mentem,
1400 1901 1549 1968 quod
1576 1899 1735 1950 fidem
1765 1906 1917 1951 tuam
1938 1900 1995 1950 in

405 1979 492 2016 me
509 1963 830 2030 recipiendo
848 1972 1072 2044 secutus
1091 1967 1184 2029 sit,
1206 1968 1513 2035 poenitere.
1556 1965 1713 2019 Vale.
1738 1982 1828 2018 ιιι.
1850 1966 1993 2018 Non.

392 2029 538 2082 Feb.
561 2041 792 2082 unnim.
815 2030 1065 2084 Patavio.

729 2331 985 2386 van.
1024 2345 1252 2383 arnan
1286 2345 1665 2388 ruanomo.

467 2401 619 2487 Non
649 2442 782 2502 puto
815 2432 928 2485 ulla
951 2431 1085 2485 mihi
1109 2434 1467 2486 excusatione
1490 2434 1634 2500 apud
1651 2440 1710 2485 te
1729 2433 1993 2486 utendum

405 2517 556 2565 esse,
587 2503 734 2569 quod
763 2501 831 2552 ad
857 2511 912 2552 te
942 2501 1121 2552 rarius
1151 2501 1405 2553 scribam.
1474 2501 1613 2553 Nam
1642 2508 1758 2552 tum
1774 2504 1993 2554 demum

403 2583 636 2635 peccare
657 2570 776 2634 ipse
794 2567 932 2619 mihi
949 2568 1186 2630 viderer,
1198 2568 1247 2618 si
1259 2571 1402 2620 tanti
1418 2583 1505 2618 me
1515 2567 1849 2629 facerem‚ut
1867 2569 1993 2630 tibi,

403 2643 559 2689 tanto
596 2637 717 2686 viro
743 2636 1023 2701 tantisque
1045 2634 1268 2686 assidue
1290 2634 1742 2702 occupationibus
1761 2635 1992 2702 impedi-

403 2711 492 2767 to,
533 2703 854 2770 frequenter
878 2702 1082 2753 litteris
1114 2703 1252 2754 meis
1283 2702 1675 2767 obstreperem.
1746 2700 1990 2768 Ideoque
