2275 3025
389 127 485 178 132
802 178 818 184 „
922 124 1000 176 M.
1033 125 1096 175 A.
1131 124 1445 176 MURETI

385 227 487 277 tim
505 228 764 290 rogatus,
792 224 1118 286 scriberem,
1152 226 1337 276 officio
1352 222 1684 276 defutmum.
1755 224 1870 277 Iam
1890 226 1989 278 diu

392 298 504 353 est,
532 306 655 341 cum
691 291 786 357 qui
815 288 905 340 hic
934 290 1098 341 Pauli
1127 290 1405 353 Sadoleti,
1434 292 1989 357 Carpentoractensis

391 358 681 425 Episcopi,
733 358 836 407 viri
859 358 1197 422 praestantis
1232 358 1504 424 planeque
1529 372 1731 424 magno
1759 359 1860 408 illo
1895 374 1991 425 pa·

387 428 517 476 trtio
541 424 718 491 digni,
749 425 978 490 negotia
996 431 1222 489 gerunt,
1242 431 1678 489 conqueruntur,
1714 439 1828 475 non
1846 426 1995 476 solvi

388 493 688 558 pensiones
733 504 969 541 annuas:
1022 504 1255 555 quarum
1296 490 1529 541 alteram
1568 492 1704 557 ipsi,
1756 492 1993 543 alteram

391 559 510 609 eius
549 557 710 608 fratri
748 556 988 622 patrueli
1018 556 1253 607 Camillo
1293 570 1361 606 ex
1390 557 1679 608 Ecclesiae
1702 564 1837 607 tuae
1862 573 1993 625 pro·

388 625 646 676 ventibus
701 622 898 672 deberi
959 628 1298 673 asseverant.
1368 622 1591 689 lamque
1646 622 1736 673 hic
1786 625 1990 675 tertius

386 692 595 742 mensis
624 695 734 749 est,
767 703 888 737 cum
923 688 992 737 ad
1013 694 1068 738 te
1099 703 1267 754 super
1296 704 1366 739 ea
1384 704 1473 751 re,
1499 693 1747 757 ipsorum
1765 696 1989 757 rogatu,

387 756 732 822 Hippolytus
775 754 1084 804 Cardinalis
1119 756 1522 818 Ferrariensis,
1560 757 1716 805 cuius
1754 770 1889 821 ego,
1927 762 1995 807 ut

393 824 530 884 scis,
558 823 614 871 in
633 820 848 871 familia
865 836 1011 882 sum,
1040 821 1258 872 litteras
1278 822 1451 872 dedit.
1522 822 1656 871 Cum
1690 820 1798 871 hoc
1818 823 1991 871 omni-

390 890 521 949 bus,
550 888 643 953 qui
662 893 718 937 te
741 893 968 950 norunt,
999 902 1201 938 novum
1218 894 1383 953 atque
1409 887 1735 939 incredibile
1751 886 1991 949 videtur,

392 957 525 1006 dare
552 961 608 1005 te
645 955 897 1019 cuiquam
929 969 1151 1004 causam
1171 954 1339 1005 ullam
1360 954 1428 1004 de
1465 962 1521 1004 te
1544 954 1839 1020 querendi:
1874 961 1995 1004 tum

391 1030 449 1073 te
476 1020 615 1073 nihil
636 1020 764 1071 dum
786 1022 858 1071 ad
877 1020 1189 1085 Cardinalis
1210 1022 1427 1072 litteras
1458 1020 1841 1085 respondisse,
1878 1035 1993 1071 nou

393 1089 490 1139 alii
510 1094 749 1147 tantum,
772 1087 872 1137 sed
893 1093 950 1137 et
967 1087 1087 1152 ipse
1108 1088 1355 1138 miratur.
1425 1086 1538 1136 Hic
1560 1100 1667 1152 ego
1699 1092 1774 1146 te,
1795 1085 1996 1137 Valeri

395 1154 600 1221 optime
620 1169 687 1204 ac
707 1154 1143 1218 sapientissime,
1170 1168 1281 1201 non
1306 1153 1506 1214 orabo,
1538 1153 1637 1202 des
1659 1166 1911 1217 operam,
1931 1157 1996 1203 ut

395 1221 662 1274 Sadoleto
686 1235 848 1286 quam
872 1220 1102 1283 primum
1123 1219 1382 1268 satisfiat:
1420 1220 1552 1268 novi
1570 1234 1680 1269 non
1701 1220 1993 1285 integritas-

393 1295 506 1337 tem
535 1284 730 1346 modo,
762 1285 863 1334 sed
892 1292 951 1333 et
974 1284 1327 1335 altitudinem
1352 1286 1521 1335 animi
1549 1287 1631 1335 tui
1662 1286 1993 1351 longissime

391 1352 599 1403 remoti
643 1366 678 1400 a
717 1349 975 1399 sordibus
1036 1356 1093 1399 et
1130 1363 1265 1415 prae
1304 1348 1599 1401 honestate
1629 1350 1770 1402 nihil
1804 1358 2025 1402 cetera·

394 1418 580 1470 omnia
603 1415 880 1467 facientis.
949 1414 1078 1465 Hoc
1095 1421 1309 1466 tautum
1331 1422 1538 1481 petam,
1564 1423 1650 1478 ut,
1687 1433 1808 1468 cum
1830 1419 1888 1467 ei
1906 1432 1993 1467 sa-

351 1545 360 1556 ,
392 1480 786 1539 tisfaciendum
817 1482 1123 1545 curaveris,
1164 1483 1313 1550 quod
1342 1490 1397 1534 te
1428 1483 1691 1534 celeriter
1716 1483 1995 1536 facturum

392 1568 504 1604 uon
525 1552 744 1613 dubito,
774 1555 831 1601 et
853 1556 1007 1602 certo
1026 1549 1164 1602 mihi
1182 1551 1521 1616 persuadeo,
1548 1565 1649 1616 per
1672 1557 1731 1602 te
1750 1565 1863 1602 non
1884 1557 1994 1601 ste-

390 1622 559 1682 tisse,
589 1634 698 1685 quo
726 1619 906 1668 minus
925 1632 1026 1670 suo
1057 1625 1307 1682 tempore
1328 1617 1537 1668 factum
1556 1618 1657 1680 sit3
1696 1614 1804 1668 hoc
1820 1619 1997 1683 igitur

393 1703 516 1738 cum
546 1686 778 1748 feceris,
815 1692 878 1735 ut
907 1685 1192 1752 significes
1221 1684 1527 1747 Cardinali‚
1570 1684 1787 1734 litteras
1814 1683 1993 1750 ipsius

385 1761 602 1804 tantum
633 1751 776 1818 apud
793 1758 876 1814 te,
898 1759 1157 1817 quantum
1181 1751 1409 1812 debent,
1428 1751 1690 1816 ponderis
1712 1749 1993 1802 habuisse.

389 1819 547 1871 Vale.
569 1821 798 1871 Romae.
814 1817 955 1871 ldib.
975 1819 1140 1870 Mart.
1163 1832 1460 1870 nnnxvm.

523 1981 834 2034 LXXXV.
872 1983 950 2034 M.
985 1983 1404 2058 ANTONIUS
1454 1983 1856 2036 MURETUS

553 2063 804 2100 ιοΑΝΝι
851 2063 1154 2100 Auromo
1194 2063 1586 2101 oniscanco
1625 2065 1747 2102 suo
1786 2065 1833 2102 s·

507 2116 528 2142 Ἰ

454 2115 608 2201 Etsi
643 2163 745 2216 pro
787 2156 976 2199 mutua
1012 2149 1159 2200 inter
1186 2164 1292 2201 nos
1317 2149 1604 2202 voluntate
1634 2151 1738 2202 tibi
1767 2150 1994 2201 dubium

390 2232 514 2268 esse
535 2232 644 2268 non
665 2222 868 2283 potest,
927 2217 1021 2266 uin
1040 2222 1137 2266 tua
1155 2219 1343 2268 omnia
1359 2215 1495 2269 mihi
1515 2233 1645 2268 cara
1662 2233 1729 2268 ac
1750 2216 1994 2267 iucunda

387 2285 521 2335 sint:
558 2289 742 2334 tamen
762 2281 893 2334 mihi
956 2297 1023 2332 oc
1045 2283 1338 2334 affirmanti
1357 2284 1553 2334 credas
1572 2285 1756 2344 velim,
1770 2283 1989 2334 litteras

385 2356 506 2398 tuas
533 2349 864 2402 mihi‚etiam
897 2348 1256 2400 iucundiores
1284 2350 1491 2412 fuisse,
1521 2364 1683 2416 quam
1713 2357 1777 2400 tu
1796 2349 1985 2400 existi·

384 2429 536 2464 mam
557 2414 723 2465 facile
745 2415 946 2482 possis.
1017 2413 1159 2464 Nam
1180 2417 1426 2482 ecquod
1447 2431 1555 2483 ego
1576 2429 1787 2466 summo
1812 2427 1983 2478 opere

385 2480 697 2544 cupiebam,
739 2481 1098 2532 contin-ebant
1130 2481 1574 2545 λεπτομερέστατα
1600 2487 1777 2531 totam
1812 2481 1981 2529 ratio·-

383 2559 506 2596 nem
539 2545 760 2596 itineris
779 2549 890 2609 tui,
921 2553 976 2597 et
997 2559 1136 2612 quae
1170 2547 1300 2597 istic
1319 2549 1456 2610 vita,
1486 2550 1581 2612 qui
1601 2561 1809 2607 mores,
1838 2560 1981 2610 quae

385 2626 508 2662 cum
535 2616 844 2662 ceterarum
873 2616 1095 2676 artium,
1121 2618 1239 2664 tum
1260 2615 1401 2668 iuris
1429 2612 1667 2664 docendi
1687 2612 1859 2673 ratio,
1898 2616 1981 2662 ita
