<?xml version="1.0" encoding="UTF-8"?>
<!DOCTYPE html PUBLIC "-//W3C//DTD XHTML 1.0 Transitional//EN"
    "http://www.w3.org/TR/xhtml1/DTD/xhtml1-transitional.dtd">
<html xmlns="http://www.w3.org/1999/xhtml" xml:lang="en" lang="en">
 <head>
  <title>
</title>
<meta http-equiv="Content-Type" content="text/html;charset=utf-8" />
  <meta name='ocr-system' content='tesseract 3.04.00' />
  <meta name='ocr-capabilities' content='ocr_page ocr_carea ocr_par ocr_line ocrx_word'/>
</head>
<body>
  <div class='ocr_page' id='page_1' title='image "./epistolae00unkngoog_0027.png"; bbox 0 0 2275 3025; ppageno 0'>
   <div class='ocr_carea' id='block_1_1' title="bbox 629 145 1925 281">
    <p class='ocr_par' dir='ltr' id='par_1_1' title="bbox 629 145 1925 281">
     <span class='ocr_line' id='line_1_1' title="bbox 629 145 1925 281; baseline 0.001 -32"><span class='ocrx_word' id='word_1_1' title='bbox 629 194 887 249; x_wconf 82' lang='lat' dir='ltr'><strong>EPIST.</strong></span> <span class='ocrx_word' id='word_1_2' title='bbox 923 145 1088 246; x_wconf 47' lang='grc' dir='ltr'><strong>ΙᾸΒ.“</strong></span> <span class='ocrx_word' id='word_1_3' title='bbox 1110 193 1152 247; x_wconf 89' lang='grc' dir='ltr'>Ι.</span> <span class='ocrx_word' id='word_1_4' title='bbox 1188 194 1306 248; x_wconf 81' lang='grc' dir='ltr'>ΕΡ.</span> <span class='ocrx_word' id='word_1_5' title='bbox 1343 195 1507 249; x_wconf 87' lang='lat' dir='ltr'>x111.</span> <span class='ocrx_word' id='word_1_6' title='bbox 1802 197 1869 250; x_wconf 80' lang='lat'>19</span> <span class='ocrx_word' id='word_1_7' title='bbox 1913 269 1925 281; x_wconf 87' lang='lat'><em>.</em></span> 
     </span>
    </p>
   </div>
   <div class='ocr_carea' id='block_1_2' title="bbox 290 296 1887 2698">
    <p class='ocr_par' dir='ltr' id='par_1_2' title="bbox 290 296 1883 2042">
     <span class='ocr_line' id='line_1_2' title="bbox 298 296 1870 365; baseline 0.001 -16"><span class='ocrx_word' id='word_1_8' title='bbox 298 296 662 351; x_wconf 78' lang='lat' dir='ltr'>deficiendum</span> <span class='ocrx_word' id='word_1_9' title='bbox 683 312 825 361; x_wconf 88' lang='lat' dir='ltr'>eum,</span> <span class='ocrx_word' id='word_1_10' title='bbox 847 298 941 363; x_wconf 91' lang='lat' dir='ltr'>qui</span> <span class='ocrx_word' id='word_1_11' title='bbox 961 297 1232 347; x_wconf 82' lang='lat' dir='ltr'>successit</span> <span class='ocrx_word' id='word_1_12' title='bbox 1250 299 1305 348; x_wconf 93' lang='lat' dir='ltr'>in</span> <span class='ocrx_word' id='word_1_13' title='bbox 1315 296 1642 365; x_wconf 82' lang='lat' dir='ltr'>Polyphemi</span> <span class='ocrx_word' id='word_1_14' title='bbox 1660 298 1870 350; x_wconf 70' lang='lat' dir='ltr'>locumz</span> 
     </span>
     <span class='ocr_line' id='line_1_3' title="bbox 297 363 1869 431; baseline 0 -14"><span class='ocrx_word' id='word_1_15' title='bbox 297 381 461 417; x_wconf 89' lang='lat' dir='ltr'>causa</span> <span class='ocrx_word' id='word_1_16' title='bbox 480 366 632 416; x_wconf 89' lang='lat' dir='ltr'>nulla</span> <span class='ocrx_word' id='word_1_17' title='bbox 651 372 752 427; x_wconf 87' lang='lat' dir='ltr'>est,</span> <span class='ocrx_word' id='word_1_18' title='bbox 766 380 863 416; x_wconf 89' lang='lat' dir='ltr'>cur</span> <span class='ocrx_word' id='word_1_19' title='bbox 883 363 940 414; x_wconf 87' lang='lat' dir='ltr'>id</span> <span class='ocrx_word' id='word_1_20' title='bbox 959 368 1245 431; x_wconf 76' lang='lat' dir='ltr'>tantopere</span> <span class='ocrx_word' id='word_1_21' title='bbox 1260 364 1495 416; x_wconf 88' lang='lat' dir='ltr'>celatum</span> <span class='ocrx_word' id='word_1_22' title='bbox 1504 365 1660 417; x_wconf 83' lang='lat' dir='ltr'>velis.</span> <span class='ocrx_word' id='word_1_23' title='bbox 1728 365 1869 417; x_wconf 86' lang='lat' dir='ltr'>Nam</span> 
     </span>
     <span class='ocr_line' id='line_1_4' title="bbox 295 430 1867 499; baseline 0.001 -15"><span class='ocrx_word' id='word_1_24' title='bbox 295 430 382 484; x_wconf 88' lang='lat' dir='ltr'>hic</span> <span class='ocrx_word' id='word_1_25' title='bbox 409 433 629 499; x_wconf 89' lang='lat' dir='ltr'>quidem</span> <span class='ocrx_word' id='word_1_26' title='bbox 657 447 747 483; x_wconf 84' lang='lat' dir='ltr'>res</span> <span class='ocrx_word' id='word_1_27' title='bbox 784 430 1020 481; x_wconf 87' lang='lat' dir='ltr'>omnium</span> <span class='ocrx_word' id='word_1_28' title='bbox 1040 446 1293 482; x_wconf 89' lang='lat' dir='ltr'>sermone</span> <span class='ocrx_word' id='word_1_29' title='bbox 1316 432 1592 482; x_wconf 87' lang='lat' dir='ltr'>celebrata</span> <span class='ocrx_word' id='word_1_30' title='bbox 1611 439 1713 484; x_wconf 88' lang='lat' dir='ltr'>est.</span> <span class='ocrx_word' id='word_1_31' title='bbox 1781 432 1867 485; x_wconf 90' lang='lat' dir='ltr'>De</span> 
     </span>
     <span class='ocr_line' id='line_1_5' title="bbox 293 497 1867 567; baseline 0 -17"><span class='ocrx_word' id='word_1_32' title='bbox 293 500 638 551; x_wconf 88' lang='lat' dir='ltr'>Ferrariensi</span> <span class='ocrx_word' id='word_1_33' title='bbox 666 513 844 564; x_wconf 87' lang='lat' dir='ltr'>neque</span> <span class='ocrx_word' id='word_1_34' title='bbox 865 497 1002 549; x_wconf 84' lang='lat' dir='ltr'>nihil</span> <span class='ocrx_word' id='word_1_35' title='bbox 1023 504 1130 559; x_wconf 85' lang='lat' dir='ltr'>est,</span> <span class='ocrx_word' id='word_1_36' title='bbox 1162 498 1309 567; x_wconf 85' lang='lat' dir='ltr'>quod</span> <span class='ocrx_word' id='word_1_37' title='bbox 1330 498 1561 561; x_wconf 81' lang='lat' dir='ltr'>audisti,</span> <span class='ocrx_word' id='word_1_38' title='bbox 1589 513 1768 567; x_wconf 87' lang='lat' dir='ltr'>neque</span> <span class='ocrx_word' id='word_1_39' title='bbox 1788 507 1867 550; x_wconf 84' lang='lat' dir='ltr'>ta·</span> 
     </span>
     <span class='ocr_line' id='line_1_6' title="bbox 293 564 1871 634; baseline 0 -17"><span class='ocrx_word' id='word_1_40' title='bbox 293 581 416 617; x_wconf 88' lang='lat' dir='ltr'>men</span> <span class='ocrx_word' id='word_1_41' title='bbox 441 565 580 617; x_wconf 86' lang='lat' dir='ltr'>mihi</span> <span class='ocrx_word' id='word_1_42' title='bbox 607 564 808 628; x_wconf 88' lang='lat' dir='ltr'>adhuc,</span> <span class='ocrx_word' id='word_1_43' title='bbox 848 566 978 634; x_wconf 85' lang='lat' dir='ltr'>quid</span> <span class='ocrx_word' id='word_1_44' title='bbox 1002 564 1188 617; x_wconf 83' lang='lat' dir='ltr'>facere</span> <span class='ocrx_word' id='word_1_45' title='bbox 1218 564 1470 627; x_wconf 81' lang='lat' dir='ltr'>debeam,</span> <span class='ocrx_word' id='word_1_46' title='bbox 1514 568 1871 617; x_wconf 86' lang='lat' dir='ltr'>constitutum</span> 
     </span>
     <span class='ocr_line' id='line_1_7' title="bbox 297 628 1873 703; baseline -0.001 -18"><span class='ocrx_word' id='word_1_47' title='bbox 297 640 396 686; x_wconf 85' lang='lat' dir='ltr'>est.</span> <span class='ocrx_word' id='word_1_48' title='bbox 455 634 690 683; x_wconf 87' lang='lat' dir='ltr'>Omnino</span> <span class='ocrx_word' id='word_1_49' title='bbox 713 645 962 700; x_wconf 88' lang='lat' dir='ltr'>cuperem</span> <span class='ocrx_word' id='word_1_50' title='bbox 983 634 1221 703; x_wconf 82' lang='lat' dir='ltr'>aliquam</span> <span class='ocrx_word' id='word_1_51' title='bbox 1238 628 1543 698; x_wconf 70' lang='grc' dir='ltr'><strong><em>μεταβολήν.</em></strong></span> <span class='ocrx_word' id='word_1_52' title='bbox 1598 632 1721 684; x_wconf 89' lang='lat' dir='ltr'>Non</span> <span class='ocrx_word' id='word_1_53' title='bbox 1745 634 1873 699; x_wconf 86' lang='lat' dir='ltr'>quin</span> 
     </span>
     <span class='ocr_line' id='line_1_8' title="bbox 291 699 1873 769; baseline -0.001 -18"><span class='ocrx_word' id='word_1_54' title='bbox 291 701 514 767; x_wconf 86' lang='lat' dir='ltr'>placeat</span> <span class='ocrx_word' id='word_1_55' title='bbox 531 700 706 767; x_wconf 87' lang='lat' dir='ltr'>magis</span> <span class='ocrx_word' id='word_1_56' title='bbox 723 701 776 750; x_wconf 90' lang='lat' dir='ltr'>in</span> <span class='ocrx_word' id='word_1_57' title='bbox 798 701 916 752; x_wconf 86' lang='lat' dir='ltr'>dies</span> <span class='ocrx_word' id='word_1_58' title='bbox 929 700 1240 765; x_wconf 84' lang='lat' dir='ltr'>Patavium;</span> <span class='ocrx_word' id='word_1_59' title='bbox 1277 702 1374 752; x_wconf 91' lang='lat' dir='ltr'>sed</span> <span class='ocrx_word' id='word_1_60' title='bbox 1396 700 1525 769; x_wconf 84' lang='lat' dir='ltr'>quid</span> <span class='ocrx_word' id='word_1_61' title='bbox 1544 699 1724 752; x_wconf 88' lang='lat' dir='ltr'>intelli</span> <span class='ocrx_word' id='word_1_62' title='bbox 1770 715 1873 760; x_wconf 89' lang='lat' dir='ltr'>am,</span> 
     </span>
     <span class='ocr_line' id='line_1_9' title="bbox 295 768 1874 835; baseline -0.001 -16"><span class='ocrx_word' id='word_1_63' title='bbox 295 769 414 819; x_wconf 82' lang='lat' dir='ltr'>scio</span> <span class='ocrx_word' id='word_1_64' title='bbox 439 774 497 817; x_wconf 85' lang='lat' dir='ltr'>te</span> <span class='ocrx_word' id='word_1_65' title='bbox 525 780 738 833; x_wconf 88' lang='lat' dir='ltr'>quoque</span> <span class='ocrx_word' id='word_1_66' title='bbox 766 768 1097 835; x_wconf 79' lang='lat' dir='ltr'>intelligere.</span> <span class='ocrx_word' id='word_1_67' title='bbox 1169 768 1359 834; x_wconf 80' lang='lat' dir='ltr'><strong>Neque</strong></span> <span class='ocrx_word' id='word_1_68' title='bbox 1384 782 1518 821; x_wconf 82' lang='lat' dir='ltr'>vero</span> <span class='ocrx_word' id='word_1_69' title='bbox 1547 770 1627 820; x_wconf 89' lang='lat' dir='ltr'>ita</span> <span class='ocrx_word' id='word_1_70' title='bbox 1644 784 1735 817; x_wconf 92' lang='lat' dir='ltr'>mu</span> <span class='ocrx_word' id='word_1_71' title='bbox 1762 774 1874 818; x_wconf 90' lang='lat' dir='ltr'>tum</span> 
     </span>
     <span class='ocr_line' id='line_1_10' title="bbox 294 833 1872 903; baseline 0 -19"><span class='ocrx_word' id='word_1_72' title='bbox 294 834 628 897; x_wconf 79' lang='lat' dir='ltr'>laborarem,</span> <span class='ocrx_word' id='word_1_73' title='bbox 667 834 998 902; x_wconf 86' lang='lat' dir='ltr'>Sigonione‚</span> <span class='ocrx_word' id='word_1_74' title='bbox 1037 850 1105 885; x_wconf 90' lang='lat' dir='ltr'>an</span> <span class='ocrx_word' id='word_1_75' title='bbox 1140 833 1277 886; x_wconf 86' lang='lat' dir='ltr'>mihi</span> <span class='ocrx_word' id='word_1_76' title='bbox 1314 836 1502 887; x_wconf 87' lang='lat' dir='ltr'>etiam:</span> <span class='ocrx_word' id='word_1_77' title='bbox 1548 839 1597 888; x_wconf 88' lang='lat' dir='ltr'>si</span> <span class='ocrx_word' id='word_1_78' title='bbox 1634 836 1872 903; x_wconf 88' lang='lat' dir='ltr'>quaeris,</span> 
     </span>
     <span class='ocr_line' id='line_1_11' title="bbox 294 899 1875 970; baseline 0.002 -20"><span class='ocrx_word' id='word_1_79' title='bbox 294 899 428 952; x_wconf 86' lang='lat' dir='ltr'>mihi</span> <span class='ocrx_word' id='word_1_80' title='bbox 458 903 674 969; x_wconf 84' lang='lat' dir='ltr'>quidem</span> <span class='ocrx_word' id='word_1_81' title='bbox 701 902 876 969; x_wconf 84' lang='lat' dir='ltr'>magis</span> <span class='ocrx_word' id='word_1_82' title='bbox 903 902 1177 952; x_wconf 77' lang='lat' dir='ltr'>arrideret</span> <span class='ocrx_word' id='word_1_83' title='bbox 1202 916 1268 952; x_wconf 89' lang='lat' dir='ltr'>ea</span> <span class='ocrx_word' id='word_1_84' title='bbox 1294 903 1569 966; x_wconf 88' lang='lat' dir='ltr'>conditio,</span> <span class='ocrx_word' id='word_1_85' title='bbox 1598 918 1705 970; x_wconf 88' lang='lat' dir='ltr'>qua</span> <span class='ocrx_word' id='word_1_86' title='bbox 1730 916 1875 953; x_wconf 90' lang='lat' dir='ltr'>nunc</span> 
     </span>
     <span class='ocr_line' id='line_1_12' title="bbox 295 968 1876 1037; baseline 0 -18"><span class='ocrx_word' id='word_1_87' title='bbox 295 974 382 1019; x_wconf 86' lang='lat' dir='ltr'>est</span> <span class='ocrx_word' id='word_1_88' title='bbox 417 968 705 1037; x_wconf 81' lang='lat' dir='ltr'>Sigonius3</span> <span class='ocrx_word' id='word_1_89' title='bbox 744 970 911 1035; x_wconf 88' lang='lat' dir='ltr'>idque</span> <span class='ocrx_word' id='word_1_90' title='bbox 952 984 1072 1019; x_wconf 88' lang='lat' dir='ltr'>cum</span> <span class='ocrx_word' id='word_1_91' title='bbox 1109 969 1235 1017; x_wconf 88' lang='lat' dir='ltr'>aliis</span> <span class='ocrx_word' id='word_1_92' title='bbox 1264 969 1331 1019; x_wconf 88' lang='lat' dir='ltr'>de</span> <span class='ocrx_word' id='word_1_93' title='bbox 1360 971 1567 1031; x_wconf 87' lang='lat' dir='ltr'>causis,</span> <span class='ocrx_word' id='word_1_94' title='bbox 1600 978 1716 1019; x_wconf 83' lang='lat' dir='ltr'>tum</span> <span class='ocrx_word' id='word_1_95' title='bbox 1747 970 1876 1035; x_wconf 90' lang='lat' dir='ltr'>quia</span> 
     </span>
     <span class='ocr_line' id='line_1_13' title="bbox 290 1034 1875 1101; baseline -0.001 -14"><span class='ocrx_word' id='word_1_96' title='bbox 290 1042 472 1087; x_wconf 78' lang='lat' dir='ltr'>tec-um</span> <span class='ocrx_word' id='word_1_97' title='bbox 511 1050 709 1087; x_wconf 89' lang='lat' dir='ltr'>essem.</span> <span class='ocrx_word' id='word_1_98' title='bbox 787 1035 926 1101; x_wconf 84' lang='lat' dir='ltr'>Spes</span> <span class='ocrx_word' id='word_1_99' title='bbox 954 1040 1066 1096; x_wconf 87' lang='lat' dir='ltr'>est,</span> <span class='ocrx_word' id='word_1_100' title='bbox 1105 1034 1312 1100; x_wconf 88' lang='lat' dir='ltr'>aliquid</span> <span class='ocrx_word' id='word_1_101' title='bbox 1341 1049 1505 1100; x_wconf 91' lang='lat' dir='ltr'>super</span> <span class='ocrx_word' id='word_1_102' title='bbox 1530 1034 1632 1086; x_wconf 83' lang='lat' dir='ltr'>hac</span> <span class='ocrx_word' id='word_1_103' title='bbox 1661 1050 1721 1085; x_wconf 90' lang='lat' dir='ltr'>re</span> <span class='ocrx_word' id='word_1_104' title='bbox 1750 1041 1875 1085; x_wconf 85' lang='lat' dir='ltr'>ante</span> 
     </span>
     <span class='ocr_line' id='line_1_14' title="bbox 295 1101 1876 1168; baseline 0 -15"><span class='ocrx_word' id='word_1_105' title='bbox 295 1103 598 1154; x_wconf 81' lang='lat' dir='ltr'>Octobrem</span> <span class='ocrx_word' id='word_1_106' title='bbox 627 1116 661 1151; x_wconf 89' lang='lat' dir='ltr'>a</span> <span class='ocrx_word' id='word_1_107' title='bbox 693 1101 775 1152; x_wconf 87' lang='lat' dir='ltr'>m</span> <span class='ocrx_word' id='word_1_108' title='bbox 801 1102 936 1151; x_wconf 75' lang='lat' dir='ltr'>viris</span> <span class='ocrx_word' id='word_1_109' title='bbox 975 1102 1331 1151; x_wconf 86' lang='lat' dir='ltr'>constitutum</span> <span class='ocrx_word' id='word_1_110' title='bbox 1358 1102 1446 1153; x_wconf 82' lang='lat' dir='ltr'>iri.</span> <span class='ocrx_word' id='word_1_111' title='bbox 1516 1101 1705 1168; x_wconf 84' lang='lat' dir='ltr'>Neque</span> <span class='ocrx_word' id='word_1_112' title='bbox 1746 1116 1876 1153; x_wconf 80' lang='lat' dir='ltr'>sane</span> 
     </span>
     <span class='ocr_line' id='line_1_15' title="bbox 292 1167 1878 1235; baseline 0 -16"><span class='ocrx_word' id='word_1_113' title='bbox 292 1168 484 1219; x_wconf 82' lang='lat' dir='ltr'>facere</span> <span class='ocrx_word' id='word_1_114' title='bbox 505 1168 668 1218; x_wconf 87' lang='lat' dir='ltr'>aliter</span> <span class='ocrx_word' id='word_1_115' title='bbox 686 1174 935 1235; x_wconf 83' lang='lat' dir='ltr'><strong>possunt,</strong></span> <span class='ocrx_word' id='word_1_116' title='bbox 956 1167 1062 1219; x_wconf 89' lang='lat' dir='ltr'>nisi</span> <span class='ocrx_word' id='word_1_117' title='bbox 1080 1167 1362 1235; x_wconf 75' lang='lat' dir='ltr'>paullatim</span> <span class='ocrx_word' id='word_1_118' title='bbox 1382 1167 1701 1219; x_wconf 80' lang='lat' dir='ltr'>Patavinam</span> <span class='ocrx_word' id='word_1_119' title='bbox 1720 1168 1878 1220; x_wconf 90' lang='lat' dir='ltr'>scho-</span> 
     </span>
     <span class='ocr_line' id='line_1_16' title="bbox 295 1234 1877 1304; baseline 0.001 -19"><span class='ocrx_word' id='word_1_120' title='bbox 295 1236 410 1285; x_wconf 86' lang='lat' dir='ltr'>lam</span> <span class='ocrx_word' id='word_1_121' title='bbox 437 1235 702 1285; x_wconf 86' lang='lat' dir='ltr'>exinaniri</span> <span class='ocrx_word' id='word_1_122' title='bbox 731 1234 918 1286; x_wconf 79' lang='lat' dir='ltr'>velint.</span> <span class='ocrx_word' id='word_1_123' title='bbox 988 1234 1443 1301; x_wconf 82' lang='lat' dir='ltr'>Exspectabimus</span> <span class='ocrx_word' id='word_1_124' title='bbox 1470 1237 1669 1304; x_wconf 84' lang='lat' dir='ltr'>igitur,</span> <span class='ocrx_word' id='word_1_125' title='bbox 1709 1243 1789 1299; x_wconf 85' lang='lat' dir='ltr'>et,</span> <span class='ocrx_word' id='word_1_126' title='bbox 1828 1236 1877 1287; x_wconf 90' lang='lat' dir='ltr'>si</span> 
     </span>
     <span class='ocr_line' id='line_1_17' title="bbox 297 1301 1875 1369; baseline 0.001 -17"><span class='ocrx_word' id='word_1_127' title='bbox 297 1316 390 1353; x_wconf 88' lang='lat' dir='ltr'>res</span> <span class='ocrx_word' id='word_1_128' title='bbox 411 1301 688 1364; x_wconf 90' lang='lat' dir='ltr'>succedet,</span> <span class='ocrx_word' id='word_1_129' title='bbox 710 1308 770 1352; x_wconf 95' lang='lat' dir='ltr'>ut</span> <span class='ocrx_word' id='word_1_130' title='bbox 791 1302 1057 1363; x_wconf 76' lang='lat' dir='ltr'>volumus,</span> <span class='ocrx_word' id='word_1_131' title='bbox 1081 1302 1464 1369; x_wconf 79' lang='lat' dir='ltr'>gaudebimus:</span> <span class='ocrx_word' id='word_1_132' title='bbox 1498 1306 1581 1355; x_wconf 88' lang='lat' dir='ltr'>sin</span> <span class='ocrx_word' id='word_1_133' title='bbox 1600 1342 1614 1367; x_wconf 97' lang='lat'>,</span> <span class='ocrx_word' id='word_1_134' title='bbox 1637 1302 1875 1357; x_wconf 86' lang='lat' dir='ltr'>humani-</span> 
     </span>
     <span class='ocr_line' id='line_1_18' title="bbox 297 1368 1876 1437; baseline 0.001 -17"><span class='ocrx_word' id='word_1_135' title='bbox 297 1378 388 1420; x_wconf 85' lang='lat' dir='ltr'>ter</span> <span class='ocrx_word' id='word_1_136' title='bbox 405 1368 646 1420; x_wconf 80' lang='lat' dir='ltr'>feremus</span> <span class='ocrx_word' id='word_1_137' title='bbox 666 1375 722 1420; x_wconf 89' lang='lat' dir='ltr'>et</span> <span class='ocrx_word' id='word_1_138' title='bbox 741 1371 1139 1437; x_wconf 79' lang='lat' dir='ltr'>prospiciemus</span> <span class='ocrx_word' id='word_1_139' title='bbox 1159 1371 1462 1422; x_wconf 88' lang='lat' dir='ltr'>rationibus</span> <span class='ocrx_word' id='word_1_140' title='bbox 1482 1372 1704 1423; x_wconf 86' lang='lat' dir='ltr'>nostris.</span> <span class='ocrx_word' id='word_1_141' title='bbox 1744 1372 1876 1422; x_wconf 86' lang='lat' dir='ltr'>Pro-</span> 
     </span>
     <span class='ocr_line' id='line_1_19' title="bbox 295 1436 1878 1504; baseline 0 -17"><span class='ocrx_word' id='word_1_142' title='bbox 295 1438 534 1503; x_wconf 86' lang='lat' dir='ltr'>pertium</span> <span class='ocrx_word' id='word_1_143' title='bbox 581 1439 825 1504; x_wconf 79' lang='lat' dir='ltr'>urgebo,</span> <span class='ocrx_word' id='word_1_144' title='bbox 870 1443 932 1487; x_wconf 90' lang='lat' dir='ltr'>ut</span> <span class='ocrx_word' id='word_1_145' title='bbox 966 1437 1141 1489; x_wconf 88' lang='lat' dir='ltr'>iubes.</span> <span class='ocrx_word' id='word_1_146' title='bbox 1216 1436 1441 1490; x_wconf 80' lang='lat' dir='ltr'>Scholia</span> <span class='ocrx_word' id='word_1_147' title='bbox 1482 1440 1539 1489; x_wconf 88' lang='lat' dir='ltr'>in</span> <span class='ocrx_word' id='word_1_148' title='bbox 1578 1440 1878 1499; x_wconf 82' lang='lat' dir='ltr'>Tibullum,</span> 
     </span>
     <span class='ocr_line' id='line_1_20' title="bbox 300 1502 1877 1574; baseline -0.002 -17"><span class='ocrx_word' id='word_1_149' title='bbox 300 1519 422 1558; x_wconf 89' lang='lat' dir='ltr'>cum</span> <span class='ocrx_word' id='word_1_150' title='bbox 449 1502 586 1554; x_wconf 87' lang='lat' dir='ltr'>inibi</span> <span class='ocrx_word' id='word_1_151' title='bbox 615 1505 750 1568; x_wconf 86' lang='lat' dir='ltr'>erit,</span> <span class='ocrx_word' id='word_1_152' title='bbox 781 1512 842 1556; x_wconf 90' lang='lat' dir='ltr'>ut</span> <span class='ocrx_word' id='word_1_153' title='bbox 869 1506 1233 1568; x_wconf 82' lang='lat' dir='ltr'>excudantur,</span> <span class='ocrx_word' id='word_1_154' title='bbox 1269 1506 1433 1557; x_wconf 82' lang='lat' dir='ltr'>velim</span> <span class='ocrx_word' id='word_1_155' title='bbox 1462 1507 1531 1560; x_wconf 89' lang='lat' dir='ltr'>ad</span> <span class='ocrx_word' id='word_1_156' title='bbox 1568 1523 1654 1558; x_wconf 90' lang='lat' dir='ltr'>me</span> <span class='ocrx_word' id='word_1_157' title='bbox 1691 1505 1877 1574; x_wconf 88' lang='lat' dir='ltr'>paullo</span> 
     </span>
     <span class='ocr_line' id='line_1_21' title="bbox 300 1571 1880 1639; baseline -0.002 -16"><span class='ocrx_word' id='word_1_158' title='bbox 300 1571 622 1639; x_wconf 83' lang='lat' dir='ltr'>diligentius</span> <span class='ocrx_word' id='word_1_159' title='bbox 649 1573 993 1639; x_wconf 84' lang='lat' dir='ltr'>inspicienda</span> <span class='ocrx_word' id='word_1_160' title='bbox 1017 1576 1222 1624; x_wconf 89' lang='lat' dir='ltr'>mittas.</span> <span class='ocrx_word' id='word_1_161' title='bbox 1288 1573 1350 1624; x_wconf 89' lang='lat' dir='ltr'>ln</span> <span class='ocrx_word' id='word_1_162' title='bbox 1380 1575 1735 1634; x_wconf 85' lang='lat' dir='ltr'>carminibus,</span> <span class='ocrx_word' id='word_1_163' title='bbox 1766 1572 1880 1638; x_wconf 90' lang='lat' dir='ltr'>qui-</span> 
     </span>
     <span class='ocr_line' id='line_1_22' title="bbox 297 1638 1881 1704; baseline -0.003 -14"><span class='ocrx_word' id='word_1_164' title='bbox 297 1639 402 1690; x_wconf 82' lang='lat' dir='ltr'>bus</span> <span class='ocrx_word' id='word_1_165' title='bbox 447 1639 758 1690; x_wconf 82' lang='lat' dir='ltr'>celebratur</span> <span class='ocrx_word' id='word_1_166' title='bbox 801 1638 1084 1690; x_wconf 82' lang='lat' dir='ltr'>hortorum</span> <span class='ocrx_word' id='word_1_167' title='bbox 1125 1639 1307 1702; x_wconf 87' lang='lat' dir='ltr'>Deus,</span> <span class='ocrx_word' id='word_1_168' title='bbox 1344 1640 1581 1689; x_wconf 84' lang='lat' dir='ltr'>iambica</span> <span class='ocrx_word' id='word_1_169' title='bbox 1616 1639 1881 1704; x_wconf 86' lang='lat' dir='ltr'>quaedam</span> 
     </span>
     <span class='ocr_line' id='line_1_23' title="bbox 303 1705 1881 1774; baseline -0.002 -17"><span class='ocrx_word' id='word_1_170' title='bbox 303 1711 453 1769; x_wconf 85' lang='lat' dir='ltr'>sunt,</span> <span class='ocrx_word' id='word_1_171' title='bbox 495 1721 632 1774; x_wconf 88' lang='lat' dir='ltr'>quae</span> <span class='ocrx_word' id='word_1_172' title='bbox 671 1708 738 1758; x_wconf 86' lang='lat' dir='ltr'>ab</span> <span class='ocrx_word' id='word_1_173' title='bbox 767 1708 1018 1758; x_wconf 79' lang='lat' dir='ltr'>omnibus</span> <span class='ocrx_word' id='word_1_174' title='bbox 1054 1705 1369 1756; x_wconf 83' lang='lat' dir='ltr'>tribuuntur</span> <span class='ocrx_word' id='word_1_175' title='bbox 1393 1705 1637 1756; x_wconf 86' lang='lat' dir='ltr'>Tibullo.</span> <span class='ocrx_word' id='word_1_176' title='bbox 1705 1705 1881 1755; x_wconf 86' lang='lat' dir='ltr'>Unum</span> 
     </span>
     <span class='ocr_line' id='line_1_24' title="bbox 305 1763 1883 1841; baseline -0.001 -17"><span class='ocrx_word' id='word_1_177' title='bbox 305 1775 471 1824; x_wconf 87' lang='lat' dir='ltr'>etiam</span> <span class='ocrx_word' id='word_1_178' title='bbox 494 1763 1071 1841; x_wconf 63' lang='lat' dir='ltr'>eiusdemmgumenti</span> <span class='ocrx_word' id='word_1_179' title='bbox 1093 1773 1427 1839; x_wconf 84' lang='lat' dir='ltr'>epigramma</span> <span class='ocrx_word' id='word_1_180' title='bbox 1444 1772 1660 1838; x_wconf 85' lang='lat' dir='ltr'>reperio</span> <span class='ocrx_word' id='word_1_181' title='bbox 1679 1774 1737 1824; x_wconf 86' lang='lat' dir='ltr'>in</span> <span class='ocrx_word' id='word_1_182' title='bbox 1746 1771 1883 1822; x_wconf 88' lang='lat' dir='ltr'>anti-</span> 
     </span>
     <span class='ocr_line' id='line_1_25' title="bbox 306 1839 1881 1906; baseline -0.001 -15"><span class='ocrx_word' id='word_1_183' title='bbox 306 1855 414 1906; x_wconf 89' lang='lat' dir='ltr'>quo</span> <span class='ocrx_word' id='word_1_184' title='bbox 443 1841 654 1891; x_wconf 84' lang='lat' dir='ltr'>Tibulli</span> <span class='ocrx_word' id='word_1_185' title='bbox 671 1841 836 1891; x_wconf 88' lang='lat' dir='ltr'>libro.</span> <span class='ocrx_word' id='word_1_186' title='bbox 904 1841 1068 1889; x_wconf 77' lang='lat' dir='ltr'>Hanc</span> <span class='ocrx_word' id='word_1_187' title='bbox 1097 1839 1269 1905; x_wconf 86' lang='lat' dir='ltr'>igitur</span> <span class='ocrx_word' id='word_1_188' title='bbox 1301 1839 1717 1906; x_wconf 87' lang='lat' dir='ltr'>appendiculam</span> <span class='ocrx_word' id='word_1_189' title='bbox 1748 1841 1881 1892; x_wconf 83' lang='lat' dir='ltr'>adii-</span> 
     </span>
     <span class='ocr_line' id='line_1_26' title="bbox 308 1905 1881 1970; baseline 0.001 -13"><span class='ocrx_word' id='word_1_190' title='bbox 308 1908 540 1969; x_wconf 85' lang='lat' dir='ltr'>ciemus,</span> <span class='ocrx_word' id='word_1_191' title='bbox 580 1910 628 1957; x_wconf 86' lang='lat' dir='ltr'>si</span> <span class='ocrx_word' id='word_1_192' title='bbox 661 1907 835 1958; x_wconf 84' lang='lat' dir='ltr'>voles.</span> <span class='ocrx_word' id='word_1_193' title='bbox 906 1907 1147 1966; x_wconf 77' lang='lat' dir='ltr'>Quartus</span> <span class='ocrx_word' id='word_1_194' title='bbox 1186 1905 1327 1956; x_wconf 88' lang='lat' dir='ltr'>liber</span> <span class='ocrx_word' id='word_1_195' title='bbox 1364 1913 1472 1958; x_wconf 89' lang='lat' dir='ltr'>tam</span> <span class='ocrx_word' id='word_1_196' title='bbox 1500 1907 1673 1959; x_wconf 90' lang='lat' dir='ltr'>multa</span> <span class='ocrx_word' id='word_1_197' title='bbox 1698 1906 1881 1970; x_wconf 84' lang='lat' dir='ltr'>habet,</span> 
     </span>
     <span class='ocr_line' id='line_1_27' title="bbox 307 1973 1881 2042; baseline 0.001 -17"><span class='ocrx_word' id='word_1_198' title='bbox 307 1989 566 2041; x_wconf 84' lang='lat' dir='ltr'>quaenon</span> <span class='ocrx_word' id='word_1_199' title='bbox 586 1974 981 2042; x_wconf 84' lang='lat' dir='ltr'>intelligam,ut</span> <span class='ocrx_word' id='word_1_200' title='bbox 996 1975 1053 2024; x_wconf 49' lang='lat' dir='ltr'>’in</span> <span class='ocrx_word' id='word_1_201' title='bbox 1076 1973 1224 2024; x_wconf 88' lang='lat' dir='ltr'>aliud</span> <span class='ocrx_word' id='word_1_202' title='bbox 1241 1979 1452 2042; x_wconf 90' lang='lat' dir='ltr'>tempus</span> <span class='ocrx_word' id='word_1_203' title='bbox 1474 1975 1697 2028; x_wconf 86' lang='lat' dir='ltr'>differre</span> <span class='ocrx_word' id='word_1_204' title='bbox 1710 1978 1881 2026; x_wconf 87' lang='lat' dir='ltr'>satius</span> 
     </span>
    </p>

    <p class='ocr_par' dir='ltr' id='par_1_3' title="bbox 342 2040 1884 2110">
     <span class='ocr_line' id='line_1_28' title="bbox 342 2040 1884 2110; baseline 0 -18"><span class='ocrx_word' id='word_1_205' title='bbox 342 2047 510 2104; x_wconf 88' lang='lat' dir='ltr'>utem.</span> <span class='ocrx_word' id='word_1_206' title='bbox 579 2040 758 2092; x_wconf 87' lang='lat' dir='ltr'>Valde</span> <span class='ocrx_word' id='word_1_207' title='bbox 777 2055 863 2093; x_wconf 87' lang='lat' dir='ltr'>me</span> <span class='ocrx_word' id='word_1_208' title='bbox 884 2042 1130 2109; x_wconf 78' lang='lat' dir='ltr'>pupugit,</span> <span class='ocrx_word' id='word_1_209' title='bbox 1153 2043 1297 2107; x_wconf 87' lang='lat' dir='ltr'>quod</span> <span class='ocrx_word' id='word_1_210' title='bbox 1318 2043 1590 2110; x_wconf 82' lang='lat' dir='ltr'>scripsisti</span> <span class='ocrx_word' id='word_1_211' title='bbox 1610 2044 1678 2094; x_wconf 91' lang='lat' dir='ltr'>de</span> <span class='ocrx_word' id='word_1_212' title='bbox 1699 2045 1884 2094; x_wconf 86' lang='lat' dir='ltr'>simio-</span> 
     </span>
    </p>

    <p class='ocr_par' dir='ltr' id='par_1_4' title="bbox 306 2109 1887 2698">
     <span class='ocr_line' id='line_1_29' title="bbox 331 2109 1883 2176; baseline -0.001 -16"><span class='ocrx_word' id='word_1_213' title='bbox 331 2125 363 2160; x_wconf 88' lang='grc' dir='ltr'>ο</span> <span class='ocrx_word' id='word_1_214' title='bbox 384 2111 483 2160; x_wconf 90' lang='lat' dir='ltr'>illo</span> <span class='ocrx_word' id='word_1_215' title='bbox 505 2109 840 2159; x_wconf 78' lang='lat' dir='ltr'>Parisiensi:</span> <span class='ocrx_word' id='word_1_216' title='bbox 877 2123 1149 2176; x_wconf 85' lang='lat' dir='ltr'>nunquam</span> <span class='ocrx_word' id='word_1_217' title='bbox 1166 2117 1444 2175; x_wconf 84' lang='lat' dir='ltr'>putassem</span> <span class='ocrx_word' id='word_1_218' title='bbox 1467 2111 1566 2161; x_wconf 87' lang='lat' dir='ltr'>sub</span> <span class='ocrx_word' id='word_1_219' title='bbox 1586 2116 1741 2161; x_wconf 89' lang='lat' dir='ltr'>tanta</span> <span class='ocrx_word' id='word_1_220' title='bbox 1759 2111 1883 2160; x_wconf 90' lang='lat' dir='ltr'>sim-</span> 
     </span>
     <span class='ocr_line' id='line_1_30' title="bbox 306 2175 1883 2244; baseline -0.001 -18"><span class='ocrx_word' id='word_1_221' title='bbox 306 2177 572 2244; x_wconf 86' lang='lat' dir='ltr'>plicitatis</span> <span class='ocrx_word' id='word_1_222' title='bbox 601 2178 783 2242; x_wconf 88' lang='lat' dir='ltr'>specie</span> <span class='ocrx_word' id='word_1_223' title='bbox 811 2177 984 2227; x_wconf 84' lang='lat' dir='ltr'>latere</span> <span class='ocrx_word' id='word_1_224' title='bbox 1003 2181 1208 2226; x_wconf 87' lang='lat' dir='ltr'>tantam</span> <span class='ocrx_word' id='word_1_225' title='bbox 1228 2177 1528 2242; x_wconf 82' lang='lat' dir='ltr'>perfidiam.</span> <span class='ocrx_word' id='word_1_226' title='bbox 1596 2175 1737 2227; x_wconf 87' lang='lat' dir='ltr'>Mihi</span> <span class='ocrx_word' id='word_1_227' title='bbox 1757 2191 1883 2240; x_wconf 88' lang='lat' dir='ltr'>pau—</span> 
     </span>
     <span class='ocr_line' id='line_1_31' title="bbox 309 2242 1886 2296; baseline -0.002 -1"><span class='ocrx_word' id='word_1_228' title='bbox 309 2245 391 2296; x_wconf 86' lang='lat' dir='ltr'>cis</span> <span class='ocrx_word' id='word_1_229' title='bbox 427 2243 621 2294; x_wconf 81' lang='lat' dir='ltr'>diebus</span> <span class='ocrx_word' id='word_1_230' title='bbox 661 2243 731 2294; x_wconf 89' lang='lat' dir='ltr'>ad</span> <span class='ocrx_word' id='word_1_231' title='bbox 756 2243 911 2294; x_wconf 88' lang='lat' dir='ltr'>illum</span> <span class='ocrx_word' id='word_1_232' title='bbox 937 2243 1167 2293; x_wconf 86' lang='lat' dir='ltr'>alterum</span> <span class='ocrx_word' id='word_1_233' title='bbox 1199 2245 1514 2294; x_wconf 88' lang='lat' dir='ltr'>necessario</span> <span class='ocrx_word' id='word_1_234' title='bbox 1540 2242 1886 2294; x_wconf 85' lang='lat' dir='ltr'>scribendum</span> 
     </span>
     <span class='ocr_line' id='line_1_32' title="bbox 312 2305 1887 2378; baseline -0.003 -16"><span class='ocrx_word' id='word_1_235' title='bbox 312 2318 418 2362; x_wconf 85' lang='lat' dir='ltr'>est:</span> <span class='ocrx_word' id='word_1_236' title='bbox 459 2325 698 2378; x_wconf 86' lang='lat' dir='ltr'>egoque,</span> <span class='ocrx_word' id='word_1_237' title='bbox 721 2310 766 2360; x_wconf 90' lang='lat' dir='ltr'>si</span> <span class='ocrx_word' id='word_1_238' title='bbox 786 2311 888 2361; x_wconf 88' lang='lat' dir='ltr'>tibi</span> <span class='ocrx_word' id='word_1_239' title='bbox 909 2313 989 2360; x_wconf 89' lang='lat' dir='ltr'>ita</span> <span class='ocrx_word' id='word_1_240' title='bbox 1007 2305 1313 2372; x_wconf 59' lang='lat' dir='ltr'>videbitur:</span> <span class='ocrx_word' id='word_1_241' title='bbox 1328 2311 1564 2360; x_wconf 87' lang='lat' dir='ltr'>libenter</span> <span class='ocrx_word' id='word_1_242' title='bbox 1581 2309 1803 2371; x_wconf 82' lang='lat' dir='ltr'>faciam,</span> <span class='ocrx_word' id='word_1_243' title='bbox 1824 2315 1887 2358; x_wconf 86' lang='lat' dir='ltr'>ut</span> 
     </span>
     <span class='ocr_line' id='line_1_33' title="bbox 308 2376 1883 2429; baseline -0.003 0"><span class='ocrx_word' id='word_1_244' title='bbox 308 2381 548 2429; x_wconf 84' lang='lat' dir='ltr'>inseram</span> <span class='ocrx_word' id='word_1_245' title='bbox 585 2377 786 2427; x_wconf 88' lang='lat' dir='ltr'>litteris</span> <span class='ocrx_word' id='word_1_246' title='bbox 823 2378 962 2428; x_wconf 87' lang='lat' dir='ltr'>meis</span> <span class='ocrx_word' id='word_1_247' title='bbox 985 2378 1359 2428; x_wconf 85' lang='lat' dir='ltr'>testimonium</span> <span class='ocrx_word' id='word_1_248' title='bbox 1385 2389 1564 2427; x_wconf 89' lang='lat' dir='ltr'>meum</span> <span class='ocrx_word' id='word_1_249' title='bbox 1594 2377 1786 2427; x_wconf 90' lang='lat' dir='ltr'>iudicii</span> <span class='ocrx_word' id='word_1_250' title='bbox 1814 2376 1883 2424; x_wconf 86' lang='lat' dir='ltr'>de</span> 
     </span>
     <span class='ocr_line' id='line_1_34' title="bbox 313 2443 1885 2496; baseline -0.006 0"><span class='ocrx_word' id='word_1_251' title='bbox 313 2446 382 2496; x_wconf 85' lang='lat' dir='ltr'>de</span> <span class='ocrx_word' id='word_1_252' title='bbox 408 2459 476 2496; x_wconf 88' lang='lat' dir='ltr'>eo</span> <span class='ocrx_word' id='word_1_253' title='bbox 503 2445 600 2496; x_wconf 87' lang='lat' dir='ltr'>tui.</span> <span class='ocrx_word' id='word_1_254' title='bbox 671 2445 758 2495; x_wconf 85' lang='lat' dir='ltr'>Tu</span> <span class='ocrx_word' id='word_1_255' title='bbox 782 2445 1018 2495; x_wconf 80' lang='lat' dir='ltr'>maximo</span> <span class='ocrx_word' id='word_1_256' title='bbox 1048 2446 1229 2494; x_wconf 89' lang='lat' dir='ltr'>animo</span> <span class='ocrx_word' id='word_1_257' title='bbox 1254 2450 1538 2493; x_wconf 86' lang='lat' dir='ltr'>contemne</span> <span class='ocrx_word' id='word_1_258' title='bbox 1558 2443 1669 2493; x_wconf 82' lang='lat' dir='ltr'>ista</span> <span class='ocrx_word' id='word_1_259' title='bbox 1688 2443 1885 2496; x_wconf 78' lang='lat' dir='ltr'>omnia,</span> 
     </span>
     <span class='ocr_line' id='line_1_35' title="bbox 313 2507 1885 2573; baseline -0.006 -11"><span class='ocrx_word' id='word_1_260' title='bbox 313 2519 374 2562; x_wconf 90' lang='lat' dir='ltr'>ut</span> <span class='ocrx_word' id='word_1_261' title='bbox 395 2512 564 2573; x_wconf 81' lang='lat' dir='ltr'>facis,</span> <span class='ocrx_word' id='word_1_262' title='bbox 596 2517 654 2562; x_wconf 90' lang='lat' dir='ltr'>et</span> <span class='ocrx_word' id='word_1_263' title='bbox 677 2511 746 2561; x_wconf 90' lang='lat' dir='ltr'>ad</span> <span class='ocrx_word' id='word_1_264' title='bbox 774 2510 1143 2562; x_wconf 85' lang='lat' dir='ltr'>valetudinem</span> <span class='ocrx_word' id='word_1_265' title='bbox 1170 2515 1321 2558; x_wconf 86' lang='lat' dir='ltr'>tuam</span> <span class='ocrx_word' id='word_1_266' title='bbox 1350 2507 1439 2558; x_wconf 75' lang='lat' dir='ltr'>vel</span> <span class='ocrx_word' id='word_1_267' title='bbox 1459 2507 1885 2558; x_wconf 83' lang='lat' dir='ltr'>conservandam</span> 
     </span>
     <span class='ocr_line' id='line_1_36' title="bbox 313 2571 1885 2630; baseline -0.012 0"><span class='ocrx_word' id='word_1_268' title='bbox 313 2579 404 2630; x_wconf 82' lang='lat' dir='ltr'>vel</span> <span class='ocrx_word' id='word_1_269' title='bbox 432 2577 857 2630; x_wconf 80' lang='lat' dir='ltr'>confirmandam</span> <span class='ocrx_word' id='word_1_270' title='bbox 885 2591 1044 2628; x_wconf 85' lang='lat' dir='ltr'>omne</span> <span class='ocrx_word' id='word_1_271' title='bbox 1071 2575 1313 2626; x_wconf 88' lang='lat' dir='ltr'>studium</span> <span class='ocrx_word' id='word_1_272' title='bbox 1343 2571 1551 2623; x_wconf 81' lang='lat' dir='ltr'>confer.</span> <span class='ocrx_word' id='word_1_273' title='bbox 1619 2571 1775 2622; x_wconf 86' lang='lat' dir='ltr'>Vale.</span> <span class='ocrx_word' id='word_1_274' title='bbox 1808 2579 1885 2614; x_wconf 79' lang='lat' dir='ltr'>w.</span> 
     </span>
     <span class='ocr_line' id='line_1_37' title="bbox 312 2645 866 2698; baseline -0.005 0"><span class='ocrx_word' id='word_1_275' title='bbox 312 2646 454 2698; x_wconf 81' lang='lat' dir='ltr'>Non.</span> <span class='ocrx_word' id='word_1_276' title='bbox 478 2646 594 2698; x_wconf 86' lang='lat' dir='ltr'>lun.</span> <span class='ocrx_word' id='word_1_277' title='bbox 617 2645 866 2697; x_wconf 76' lang='lat' dir='ltr'>Patavio.</span> 
     </span>
    </p>
   </div>
   <div class='ocr_carea' id='block_1_3' title="bbox 911 2729 1285 2744">
    <p class='ocr_par' dir='ltr' id='par_1_5' title="bbox 911 2729 1285 2744">
     <span class='ocr_line' id='line_1_38' title="bbox 911 2729 1285 2744; baseline 0 281"><span class='ocrx_word' id='word_1_278' title='bbox 911 2729 1285 2744; x_wconf 95' lang='lat' dir='ltr'> </span> 
     </span>
    </p>
   </div>
   <div class='ocr_carea' id='block_1_4' title="bbox 1454 2761 1566 2808">
    <p class='ocr_par' dir='ltr' id='par_1_6' title="bbox 1454 2761 1566 2808">
     <span class='ocr_line' id='line_1_39' title="bbox 1454 2761 1566 2808; baseline -0.027 0"><span class='ocrx_word' id='word_1_279' title='bbox 1454 2761 1566 2808; x_wconf 73' lang='grc' dir='ltr'>ΒΖ</span> 
     </span>
    </p>
   </div>
  </div>
 </body>
</html>
