2275 3025
407 168 470 219 lo
925 162 1004 215 M.
1037 164 1100 215 A.
1133 161 1446 214 MURETI

403 268 587 329 dicos,
611 279 805 333 meque
833 264 946 317 illis
979 265 1127 315 omni
1148 279 1215 316 ex
1233 270 1387 331 parte
1406 263 1759 335 indicassem,
1788 278 1964 331 neque

403 334 695 401 quidquam
724 334 791 383 de
823 338 944 384 tota
969 346 1092 385 mea
1125 334 1341 383 ratione
1374 347 1439 383 ae
1468 331 1860 382 consuetudine
1887 333 1965 382 vi-

400 400 566 453 vendi
583 400 952 451 reticuissem:
988 397 1126 449 nihil
1143 399 1293 449 aliud
1308 400 1550 465 reperire
1573 399 1745 465 potui,
1764 400 1872 449 nisi
1887 399 1963 462 id,

408 468 557 535 quod
587 468 708 533 ipse
737 481 837 533 per
869 482 957 518 me
992 465 1159 516 facile
1195 467 1537 531 suspicabar:
1576 479 1777 516 nocere
1812 465 1964 529 mihi,

405 533 553 602 quod
569 539 677 586 tam
706 549 834 585 raro
855 536 1060 584 exirem
1079 532 1242 581 domo
1255 569 1269 594 ,
1308 535 1586 601 quodque,
1615 539 1677 585 ut
1693 546 1780 583 me
1797 534 1965 603 impe-

401 608 492 653 tus
525 607 772 667 ceperat,
808 602 888 651 ita
913 614 1024 660 me,
1061 598 1213 650 nulla
1237 597 1425 649 habita
1448 602 1661 651 ratione
1685 602 1966 666 temporis,

403 674 499 723 aut
517 669 587 719 ad
605 667 895 735 legendum
908 702 924 727 ‚
944 671 1039 717 aut
1055 664 1125 715 ad
1146 665 1489 716 scribendum
1510 666 1710 718 darem.
1779 668 1967 735 ltaque

406 737 476 787 de
503 748 692 786 eorum
717 732 949 784 consilio
974 732 1213 783 meditor
1236 731 1421 797 paullo
1447 731 1625 784 laxius
1646 750 1710 783 ae
1736 734 1969 785 solutius

405 802 618 862 vivere,
639 805 696 850 et
713 805 839 850 ante
861 800 1038 850 cibum
1057 798 1517 849 ambulatiuncula
1531 800 1735 851 modici
1752 801 1970 852 sudoris

407 867 616 934 aliquid
635 866 876 933 excitare
889 902 904 929 ,
939 872 1226 933 praeterea
1263 880 1360 929 ue,
1380 881 1498 916 cum
1518 867 1815 930 videbitur,
1842 868 1973 918 alie-

409 934 496 987 nis
525 940 582 986 et
611 933 786 985 oculis
811 932 998 1001 legere
1029 940 1084 983 et
1107 948 1253 983 mam
1291 948 1355 984 us
1392 933 1663 995 seribere3
1703 948 1861 1000 quem
1906 933 1977 984 ad

409 1016 568 1052 usum
583 1014 778 1067 parare
799 1001 987 1069 cogito
1008 1014 1391 1051 ainanuensem
1413 1000 1735 1067 quempiam
1754 1000 1845 1051 cui
1864 1016 1895 1050 e
1931 1001 1975 1051 i·

407 1069 584 1121 stolas
591 1067 930 1119 inambulans
949 1068 1149 1119 dictem
1160 1104 1177 1131 ,
1194 1068 1361 1119 nisisi
1372 1066 1500 1134 quid
1514 1068 1729 1117 eritwv
1743 1063 1877 1134 ἆποῤ
1912 1062 1977 1130 ἧ-

407 1151 533 1185 των·
571 1148 876 1203 quanquam
903 1134 1040 1187 haee
1069 1128 1285 1202 quoque
1309 1134 1607 1197 interdum,
1644 1134 1745 1185 sed
1774 1136 1823 1183 lv
1842 1135 1973 1183 αἰνι-

408 1217 582 1267 γμασι.
646 1203 821 1253 Antea
847 1202 992 1253 enim
1015 1202 1265 1253 solebam
1290 1204 1475 1253 statim
1503 1217 1537 1251 a
1563 1201 1795 1268 prandio
1832 1202 1974 1253 cala·

409 1283 556 1320 mum
581 1268 639 1318 in
663 1283 880 1318 manum
905 1282 1145 1329 sumere,
1179 1274 1235 1318 et
1264 1266 1454 1319 horam
1476 1282 1638 1319 unam
1659 1275 1821 1335 atque
1840 1269 1972 1320 alte·

411 1349 528 1385 ram
557 1334 912 1399 epistolarum
929 1334 1217 1400 scriptioni
1234 1334 1393 1385 daret
1428 1350 1537 1400 quo
1598 1348 1659 1385 re
1686 1338 1807 1401 ipsa
1830 1350 1973 1386 com·

409 1400 532 1469 peri
591 1399 730 1451 nihil
747 1415 871 1451 esse
887 1401 1269 1467 perniciosius,
1339 1401 1555 1451 Cavebo
1574 1400 1770 1468 igitur,
1808 1406 1889 1464 et,
1912 1413 1975 1453 ut

409 1481 624 1530 mones,
645 1480 862 1534 parcam
877 1466 1027 1531 mihi,
1049 1482 1170 1519 cum
1187 1482 1310 1519 mea
1338 1482 1525 1532 causa,
1560 1473 1677 1520 tum
1694 1466 1973 1522 mehercu-

408 1534 494 1586 les
525 1535 687 1586 etiam
704 1539 817 1589 tua.
884 1532 1010 1586 Non
1049 1536 1194 1586 enim
1227 1535 1404 1586 levem
1426 1535 1608 1602 neque·
1628 1542 1972 1587 contemnen-

413 1602 536 1654 dam
552 1604 816 1654 iaeturam
833 1601 1065 1666 faceres,
1084 1602 1134 1653 si
1154 1603 1284 1670 quid
1300 1601 1432 1654 mihi
1453 1604 1812 1669 contingeret.
1873 1603 1973 1650 Φί-

410 1669 504 1718 λου
539 1665 634 1735 γὰρ
676 1663 822 1718 οὐδὲν
859 1670 1026 1734 κτῆμα
1059 1667 1377 1736 τιμιώτερον.
1443 1669 1563 1736 Ego
1600 1684 1731 1737 yero
1765 1669 1971 1721 amicus

407 1736 514 1788 tibi
527 1752 665 1799 sum,
700 1743 756 1786 et
774 1737 978 1788 amicus
998 1751 1068 1788 ex
1083 1737 1290 1788 animo:
1329 1735 1516 1805 quales
1534 1736 1823 1788 admodum
1840 1752 1969 1802 pau·

411 1817 508 1854 cos
530 1817 674 1865 esse,
707 1818 816 1853 non
839 1805 1039 1855 iniuria
1099 1806 1392 1856 uerebatur
1408 1802 1699 1870 'theognia
1766 1799 1852 1855 De
1872 1804 1971 1853 Ca-

409 1869 574 1931 tullo,
613 1869 865 1934 exiguam
888 1877 948 1920 tu
973 1872 1064 1936 qui
1105 1886 1192 1923 em
1212 1870 1347 1923 mihi
1375 1872 1519 1922 diem
1554 1871 1835 1937 praefiniat
1873 1871 1972 1922 sed

407 1943 591 1986 tamen
628 1934 843 1986 dabitur
879 1951 1070 2001 opera,
1107 1944 1169 1992 ut
1204 1939 1443 1990 satisfiat
1471 1938 1589 1989 tibi.
1660 1940 1971 2006 Torquatus

407 2001 644 2054 Bembus
661 2002 956 2067 respondit,
977 2017 1036 2054 se
1057 2006 1427 2070 cognoscendi
1444 2007 1549 2056 mei
1566 2005 1973 2072 cupidissimum

410 2081 558 2130 esse,
603 2066 842 2134 mihique
877 2067 1114 2120 libenter
1158 2072 1612 2135 gratificaturum,
1656 2087 1972 2141 quacunque

407 2135 464 2186 in
489 2150 549 2186 re
580 2141 786 2202 posset.
855 2134 1018 2196 Quod
1053 2136 1317 2199 scribam,
1354 2137 1505 2188 aliud
1540 2137 1678 2190 nihil
1714 2140 1970 2192 occurrit.

408 2202 588 2253 Etiam
615 2207 776 2270 atque
798 2201 963 2266 etiam
981 2203 1120 2266 vale,
1139 2205 1215 2256 mi
1234 2205 1463 2257 Manuti.
1482 2207 1543 2258 A.
1566 2206 1617 2258 d.
1642 2221 1721 2258 iv.
1739 2205 1968 2258 Kalend.

407 2269 577 2336 April.
597 2268 842 2320 Patavio.

844 2436 942 2490 IV.
979 2452 1191 2492 monn
1224 2455 1533 2494 mutuno.

473 2503 588 2592 De
607 2539 827 2592 Tibullo
850 2546 906 2593 et
923 2539 1237 2609 Propertio,
1258 2541 1509 2607 Libenter
1525 2541 1625 2592 hoe
1642 2545 1691 2590 οι
1704 2553 1861 2590 omne
1872 2541 1968 2592 mi·

405 2603 648 2658 letabitur
659 2606 856 2672 bellum,
866 2603 1028 2664 utine
1037 2611 1086 2677 *)
1108 2611 1202 2663 ait.
1232 2609 1467 2662 leaenim
1478 2608 1545 2660 de
1554 2607 1871 2660 metm-ritus
1890 2622 1971 2668 es,

463 2683 508 2742 ⁶)
537 2687 697 2732 Horat.
718 2689 852 2746 epod.
871 2693 911 2734 1.
929 2692 1000 2736 2³.
