2275 3025
439 200 508 251 3⁰
775 228 782 233 ·
971 200 1048 251 M.
1083 200 1145 251 A.
1180 197 1488 251 MURETI

443 298 767 367 quibusdam
796 306 852 351 et
872 302 1012 352 meis
1041 307 1108 353 *et
1131 302 1304 367 ipsius
1337 299 1697 352 familiaribus
1734 299 2019 369 negotium

445 367 728 429 dederam,
756 373 817 417 ut
833 383 920 419 me
939 370 1263 437 tempestive
1288 368 1355 418 de
1376 369 1624 419 discessu
1640 368 1814 433 ipsius
1834 368 2019 419 admo·

443 440 664 484 nerentt
699 436 851 499 prius
877 442 1057 485 tamen
1095 450 1219 486 eum
1258 436 1460 486 abiisse
1495 434 1721 497 rescivi,
1762 450 1921 501 quam
1946 435 2019 485 de

443 502 597 551 abitu
619 502 866 567 cogitare
888 516 1235 569 cognossem.
1304 502 1532 553 Factum
1550 502 1605 551 id
1623 504 1731 552 non
1741 502 1905 552 modo
1928 516 2023 552 eo-

442 582 580 629 rum,
638 568 796 619 uibus
813 569 874 619 id
891 568 1291 629 mandaveram,
1312 568 1679 635 negligentia,
1700 569 1800 619 sed
1819 575 1874 619 et
1893 583 2023 619 con-

444 642 605 685 suctu
647 635 734 685 ine
756 634 985 701 quadam
1003 635 1206 684 multos
1226 633 1335 685 iam
1354 650 1570 685 menses
1590 651 1623 686 a
1641 650 1724 686 me
1746 643 2021 702 suscepta,
2038 630 2051 641 ⁸

444 716 740 769 nunquam,
778 701 884 751 nisi
911 716 1030 751 cum
1050 707 1214 767 urget
1232 702 1561 763 necessitas,
1602 703 1835 753 exeundi
1856 702 2021 753 domo

447 774 506 818 et
523 781 746 836 perraro
770 767 1021 817 veniendi
1043 768 1102 816 in
1120 768 1287 818 aedes
1310 767 1642 819 Cardinalis:
1680 786 1787 819 non
1816 770 1943 835 quin
1966 776 2027 821 et

444 834 565 900 ipse
589 848 675 884 me
699 832 936 883 libenter
954 832 1137 892 videat
1165 839 1221 885 et
1239 845 1344 901 ego
1366 848 1517 896 eum,
1556 848 1662 899 qua
1680 834 1855 903 debeo
1870 872 1885 898 ,
1925 836 2021 885 ob·

446 900 723 951 servantia
741 900 942 951 colam:
967 902 1066 953 sed
1081 908 1234 952 tanta
1246 916 1333 951 me
1352 903 1815 963 satietas‚tantum
1837 902 2026 953 odium

445 973 505 1017 et
523 967 681 1021 aulae
703 973 759 1017 et
770 982 958 1018 -rerum
977 968 1276 1019 aulicarum
1298 969 1469 1034 cepit,
1506 973 1569 1019 ut
1592 984 1861 1034 nunquam
1888 968 2027 1021 mihi

445 1034 620 1101 magis
643 1034 794 1085 solus
817 1036 1003 1087 videar
1027 1052 1187 1103 quam
1207 1037 1264 1088 in
1280 1036 1381 1087 illa
1398 1035 1579 1097 turba,
1620 1050 1891 1101 nunquam
1910 1050 2025 1087 me-

445 1102 554 1153 lius
575 1102 892 1165 comitatus,
935 1118 1094 1169 quam
1123 1119 1243 1155 cum
1265 1118 1351 1155 me
1378 1101 1530 1155 solus
1555 1104 1611 1155 in
1631 1100 2027 1158 bibliothecam

446 1166 649 1220 abdidi.
718 1169 907 1237 ltaque
931 1186 1051 1221 cum
1074 1171 1364 1223 Cardinale
1383 1171 1505 1237 ipso
1525 1176 1630 1231 ter,
1666 1170 1887 1235 opinor,
1926 1178 2024 1222 aut

445 1235 517 1295 ad
544 1251 806 1286 summum
838 1243 1029 1302 quater
1065 1238 1373 1288 collocutus
1412 1253 1528 1287 sum
1543 1273 1559 1299 ,
1592 1244 1880 1303 postquam
1916 1236 2021 1289 huc

447 1302 616 1352 venit.
685 1302 850 1353 Multi
885 1302 1143 1355 fortassis
1163 1302 1301 1354 hanc
1321 1309 1416 1354 aut
1432 1305 1785 1370 asperitatem
1824 1309 1917 1354 aut
1934 1319 2022 1355 ru-

445 1368 744 1419 sticitatem
770 1368 1061 1419 vocabunt.
1126 1369 1345 1421 Vocent
1379 1384 1535 1432 sane,
1575 1376 1635 1420 ut
1662 1370 1816 1421 libet.
1882 1370 2023 1422 Mihi

447 1448 614 1501 aegre
637 1441 748 1497 est,
777 1436 922 1501 quod
941 1452 1047 1487 non
1068 1436 1177 1487 iam
1198 1436 1407 1501 pridem
1427 1436 1506 1486 ita
1523 1437 1707 1487 vivere
1727 1438 2021 1503 coeperim.

444 1501 516 1553 Et
536 1508 718 1554 tamen
737 1501 954 1554 vivente
974 1503 1048 1554 Hi
1086 1505 1280 1570 polyto
1292 1500 1571 1556 cardinali
1592 1503 1703 1556 alia
1721 1505 1861 1556 ratio
1884 1514 2021 1557 erat.

444 1569 674 1622 Referta
693 1576 812 1622 erat
842 1571 1032 1622 domus
1101 1571 1374 1625 ominibus
1404 1571 1659 1634 eruditis,
1700 1587 1771 1624 ex
1794 1588 2025 1640 quorum

447 1639 704 1690 convictu
721 1655 787 1690 ac
805 1652 1056 1690 sermone
1076 1638 1285 1706 aliquid
1302 1645 1567 1706 perpetuo
1582 1639 1842 1690 disceres.
1878 1640 2021 1705 lpse,

447 1714 753 1773 quanquam
771 1706 1024 1758 doctrina
1041 1707 1324 1768 mediocri,
1346 1720 1542 1784 magno
1567 1711 1746 1758 tamen
1767 1712 1824 1756 et
1844 1707 2020 1756 excel·

446 1788 511 1823 so
542 1773 765 1839 ingenio
789 1779 846 1824 et
863 1775 1091 1826 mirifice
1112 1773 1299 1825 dedito
1322 1773 1519 1824 studiis
1542 1775 1762 1826 nostris.
1830 1773 2021 1839 ltaque

447 1839 641 1889 domus
661 1841 836 1905 ipsius
852 1841 1145 1892 Academia
1165 1841 1429 1909 quaedam
1448 1841 1624 1891 videri
1644 1846 1877 1904 poterat.
1911 1840 2023 1890 Hic

447 1911 597 1955 amat
623 1905 840 1972 quidem
870 1912 927 1956 et
951 1909 1070 1974 ipse
1097 1908 1326 1958 mirifice
1364 1905 1614 1958 homines
1650 1907 1914 1958 bonarum
1938 1921 2023 1957 ar-

443 1971 583 2021 tium
602 1972 836 2022 scientia
853 1973 1128 2038 excultos3
1150 1974 1247 2025 sed
1269 1990 1369 2025 sua
1378 1975 1431 2024 ei
1452 1975 1679 2026 comitas
1698 1974 1892 2025 damno
1918 1981 2022 2026 est.

442 2037 588 2088 Dum
618 2037 760 2087 enim
792 2051 978 2088 omnes
1009 2039 1209 2089 blande
1238 2042 1465 2107 excipit,
1506 2056 1626 2090 cum
1658 2039 1905 2090 omnibus
1926 2038 2023 2090 hu-

441 2118 601 2155 mane
622 2103 984 2170 colloquitur,
1021 2103 1241 2155 facilem
1260 2120 1319 2156 se
1343 2112 1505 2170 atque
1534 2105 1751 2156 obvium
1771 2105 2025 2158 omnibus

442 2170 694 2238 praebete
719 2171 924 2221 excitat
945 2171 1163 2238 quidem
1185 2171 1533 2222 admirabiles
1555 2187 1769 2224 amores
1790 2175 1899 2236 sui3
1920 2173 2024 2225 sed

441 2255 476 2289 a
501 2245 610 2289 tam
648 2237 834 2290 multis
871 2238 1102 2306 gratiam
1140 2239 1312 2305 ipsius
1351 2239 1715 2290 ambientibus
1751 2245 2020 2306 perpetuo

443 2305 757 2368 obsidetur,
793 2310 856 2356 ut
888 2306 942 2356 ei
973 2306 1065 2356 vix
1099 2305 1169 2356 ad
1195 2305 1489 2358 curandum
1514 2321 1711 2372 corpus
1732 2309 1866 2358 satis
1886 2313 2023 2358 tem·

439 2375 592 2438 poris
613 2375 868 2438 supersit.
941 2372 1083 2434 Quid
1105 2371 1356 2439 quaeris?
1389 2376 1431 2420 E
1474 2375 1606 2439 oqui
1630 2374 1877 2439 quotidie
1898 2388 2022 2425 cum

438 2439 538 2489 illo
589 2440 764 2490 altero
811 2441 1150 2492 suavissimis
1198 2441 1435 2490 sermoni
1477 2456 1540 2490 us
1594 2438 1757 2490 horas
1806 2441 2021 2506 aliquot

423 2507 749 2572 ‘transigere
769 2521 1188 2570 consueveram,
1214 2507 1432 2556 nuncin
1459 2507 1622 2558 alium
1644 2507 1911 2572 quendam
1932 2522 2020 2558 or·
2092 2541 2099 2548 -

438 2573 564 2623 bem
581 2571 716 2623 mihi
737 2573 952 2626 delatus
973 2575 1195 2643 videon*
1256 2573 1363 2624 Sed
1395 2570 1533 2624 haec
1550 2573 1845 2624 mussanda
1864 2583 2017 2638 sunt3

441 2654 580 2708 quae
601 2645 783 2690 tamen
804 2642 978 2693 semel
995 2643 1051 2692 in
1069 2650 1222 2693 tuum
1242 2639 1477 2691 hominis
1504 2639 1818 2690 amicissimi
1839 2642 2019 2691 sinum

442 2707 728 2760 effundere
748 2708 922 2772 volui,
951 2718 1149 2777 putans
1167 2710 1225 2761 in
1245 2723 1311 2760 eo
1333 2705 1541 2774 aliquid
1562 2705 1853 2756 levationis
1871 2705 2016 2758 fore.
