2275 3025
358 166 625 220 EPIST.
656 169 998 221 AUGTAR.
1021 166 1141 219 ΕΡ.
1173 167 1406 218 ΧΧῙΙΙ.
1430 169 1650 222 XXIV.
1739 171 1841 220 245

239 281 313 317 ex
350 267 517 319 Urbe.
560 267 930 330 Pensionem‚
968 268 1190 333 quando
1227 267 1286 318 id
1325 273 1386 318 tu
1422 269 1674 334 largitati
1710 275 1840 322 tuae

240 347 443 386 nonien
464 335 723 399 imponis,
746 335 817 386 ad
840 335 987 386 diem
1006 350 1040 384 a
1058 340 1116 384 te
1138 334 1343 385 dictam
1367 335 1723 401 exspectabo.
1736 339 1788 399 *)

836 493 1248 512 ——nfi——n———u-——n

609 585 845 651 XXIII.
884 569 1103 653 sintin
1140 615 1463 653 escas-ro.

311 667 646 767 Exspecto,
668 700 799 767 quid
820 701 890 751 ad
912 715 1054 764 eam,
1074 715 1238 768 quam
1260 700 1329 751 ad
1352 706 1407 751 te
1426 700 1677 767 proxime
1695 701 1844 763 misi,

245 764 541 831 epistolam
562 767 904 831 respondeas
918 805 935 830 ,
955 774 1017 819 ut
1036 768 1104 818 de
1127 782 1197 818 eo
1214 804 1230 830 ‚
1253 767 1402 834 quod
1422 767 1523 818 tibi
1546 767 1752 834 recepi,
1775 781 1846 818 ex

241 838 345 882 tua
369 833 656 883 voluntate
682 839 973 887 statuatur.
1045 833 1222 886 Simul
1254 834 1421 884 velim
1451 834 1522 884 ad
1551 849 1639 884 me
1662 847 1845 884 exem-

240 897 395 964 plum
415 899 604 950 mittas
626 899 807 962 illius,
849 916 1009 966 quam
1041 900 1110 951 ad
1135 906 1192 949 te
1213 900 1422 966 pridem
1444 899 1643 966 scripsi
1665 899 1733 949 de
1755 913 1845 950 ae-

241 969 360 1014 tate
384 971 442 1016 et
462 965 619 1016 obitu
638 965 693 1017 S.
706 966 928 1018 loannis
942 965 1353 1032 Evangelistae.
1386 967 1546 1028 Quod
1571 972 1629 1015 tu
1651 965 1847 1023 facias,

243 1029 414 1080 etiam
435 1037 601 1097 atque
622 1035 787 1083 etiam
806 1039 959 1098 peto.
1010 1032 1284 1083 Hercules
1307 1031 1573 1082 Ciofanus
1605 1032 1725 1082 dies
1748 1031 1848 1081 ali-

244 1103 384 1163 quot
410 1096 501 1148 hic
530 1097 654 1148 fuit.
724 1098 911 1148 Hodie
942 1099 1222 1150 discessit.
1292 1097 1602 1148 Discedens
1623 1098 1850 1166 reliquit

243 1164 393 1228 apud
412 1178 500 1214 me
521 1159 736 1214 litteras
757 1164 825 1214 ad
846 1171 903 1214 te
927 1179 1055 1215 suas
1076 1199 1093 1225 ,
1138 1178 1276 1229 quas
1303 1179 1412 1214 una
1441 1179 1562 1215 cum
1591 1163 1678 1229 his
1707 1164 1850 1214 acci·

242 1231 385 1296 pies,
412 1235 470 1279 et
489 1229 709 1290 librum,
750 1244 913 1296 quem
953 1230 1025 1280 ad
1057 1237 1114 1280 te
1144 1231 1440 1281 mitterem.
1510 1229 1596 1280 De
1623 1237 1680 1281 te
1710 1229 1853 1280 mira

282 1296 556 1347 raedicat:
598 1294 738 1357 nihil
759 1307 813 1346 te
833 1312 942 1347 uno
968 1298 1153 1348 vivere
1174 1297 1231 1346 in
1253 1299 1417 1354 terris
1439 1298 1672 1358 comitis,
1711 1294 1854 1362 nihil

285 1362 558 1412 umanius.
630 1361 742 1414 Sed
764 1359 902 1413 haec
922 1363 1049 1415 aliis
1065 1365 1216 1414 mira
1237 1369 1381 1424 sunt,
1407 1379 1518 1414 non
1538 1362 1670 1414 mihi
1685 1399 1700 1425 ,
1723 1362 1853 1430 quia

242 1442 317 1480 ea
335 1429 446 1479 iam
465 1428 675 1495 pridem
697 1437 988 1496 perspecta
1007 1429 1210 1482 habeo,
1280 1429 1340 1481 ln
1363 1444 1618 1480 sermone
1638 1429 1852 1491 iniecit,

244 1509 309 1547 se
350 1495 644 1547 duodecim
682 1512 883 1548 aureos
912 1513 1164 1549 nummos
1196 1511 1231 1547 a
1256 1502 1313 1548 te
1334 1505 1524 1549 mutuo
1547 1497 1850 1562 accepisse.

242 1562 479 1628 Rogavi,
524 1578 623 1613 cur
661 1578 770 1613 non
806 1564 1166 1615 reddidisset.
1239 1560 1510 1614 Causatus
1538 1570 1623 1613 est
1649 1562 1851 1613 multas

247 1634 307 1678 et
326 1643 553 1694 magnas
575 1628 928 1679 difficultates
950 1645 1097 1679 suas.
1170 1628 1242 1677 Et
1264 1628 1556 1678 constabat
1575 1642 1700 1677 eum
1719 1641 1853 1676 vera

247 1692 455 1742 dicere.
527 1692 763 1742 Omnino
793 1700 1005 1754 tamen,
1046 1698 1110 1742 ut
1135 1692 1492 1756 longissime,
1533 1706 1722 1741 mense
1753 1691 1850 1741 Se-

282 1756 483 1807 tembri
506 1757 757 1823 proximo
782 1758 861 1807 ait
891 1770 979 1818 se,
1061 1758 1171 1807 uod
1205 1757 1450 1822 accepit,
1488 1758 1850 1807 redditurum.

277 1822 545 1873 'acturum
570 1829 721 1888 puto.
795 1821 958 1882 Quod
978 1838 1012 1873 a
1070 1828 1126 1873 te
1149 1822 1406 1884 scribam,
1429 1821 1565 1873 nihil
1584 1822 1735 1873 aliud
1758 1821 1852 1872 ha·

244 1890 385 1951 beo,
426 1890 553 1939 dum
584 1903 619 1938 a
642 1895 698 1938 te
718 1888 935 1939 litteras
972 1902 1266 1955 accepero.
1335 1888 1493 1941 Vale.
1530 1888 1758 1940 Romae.
1798 1905 1848 1939 r.

246 1954 394 2008 Non.
428 1954 595 2005 Mart.
632 1968 965 2006 unnxxxtv.

420 2244 647 2297 xx1v.
701 2244 779 2296 M.
821 2242 1240 2299 ANTons
1281 2208 1816 2311 Mune-rus]

354 2345 444 2382 ιο.
488 2340 869 2379 ΒΔΡΉΒΤΑΕ
916 2342 1254 2381 ntonrsto
1303 2342 1330 2369 ο
1390 2324 1747 2365 “musun-

317 2398 424 2481 Et
443 2427 634 2479 fratris
654 2429 754 2489 tui,
790 2442 951 2494 quem
972 2431 1073 2483 ip*
1094 2421 1160 2471 1¹¹⁸
1163 2406 1306 2457 ‘dem
1325 2424 1435 2487 ,¹¹0ss
1457 2412 1720 2493 viderim),
1750 2415 1844 2465 ed-

254 2503 479 2563 „pectug
510 2496 631 2562 ipse
663 2507 762 2559 pe.-
782 2504 841 2541 ,ο
864 2484 1003 2519 ...nm
1022 2478 1214 2537 gratus
1235 2489 1300 2523 ac
1320 2478 1591 2529 iucundus
1611 2478 1747 2543 funt,
1787 2490 1846 2533 et

255 2578 381 2615 eum
408 2563 632 2614 litterae
664 2558 785 2608 tw..
816 2535 991 2586 multo
1032 2533 1417 2592 iucundiorem
1454 2544 1841 2601 reddideruntz

310 2662 353 2709 q
364 2662 441 2703 1,*
469 2644 559 2681 ...31
568 2627 784 2673 videntur
794 2632 1066 2678 Erat-chero
1076 2633 1254 2680 insecta.
1274 2638 1346 2683 cf.
1357 2648 1512 2687 annot.
1524 2644 1583 2688 ad
1592 2644 1682 2689 111.
1695 2652 1842 2703 epu,
