2275 3025
372 170 471 220 278
900 170 975 220 Μ.
1013 173 1075 222 Α.
1112 170 1422 222 MURETI

591 301 749 352 LIX.
798 301 876 353 M.
912 301 1329 355 ANTONIUS
1364 300 1752 352 MURE'I'US

427 399 483 434 a.
525 398 810 436 nucum
852 399 1295 438 consummo
1334 400 1541 436 asmo
1576 399 1633 434 v,
1674 399 1724 434 c.
1762 397 1809 434 s.
1848 398 1913 434 n.

441 451 626 534 Bene
665 489 723 534 et
758 485 933 534 amice
969 484 1181 535 factum
1216 501 1251 535 a
1284 491 1343 534 te
1380 485 1451 534 dc
1468 483 1779 544 Brissonio,
1818 485 1983 534 cuius

372 549 512 600 mihi
529 550 752 600 litterae
785 565 918 600 sane
946 566 1110 616 quam
1136 567 1337 600 suaves
1362 550 1603 602 fuerunt.
1672 550 1753 599 Ad
1775 565 1871 599 eas
1890 563 1981 598 re-

377 617 628 667 scribens
649 617 842 666 eadem
861 619 1183 680 βραχυλογίᾳ
1204 633 1335 667 usus
1356 633 1495 678 sum,
1516 626 1633 666 tum
1650 630 1720 666 ne
1742 630 1981 679 occupa-

376 683 560 732 tiones
597 683 774 747 ipsius
810 683 1225 748 interpellarem
1240 719 1255 745 ,
1315 689 1431 732 tum
1469 684 1601 748 quia
1642 681 1797 732 nulla
1830 695 1978 730 nunc

378 749 602 814 quidem
624 753 742 797 erat
763 743 1029 801 ὑπόθεσις.
1104 749 1268 809 Quod
1305 749 1520 810 iocose,
1556 749 1639 798 ita
1662 748 1809 796 enim
1830 747 1979 796 acci-

375 816 490 881 pio,
514 814 784 879 quereris,
805 812 944 863 illud
961 828 1145 864 meum
1164 815 1392 878 λογίδιον
1406 815 1475 866 de
1496 813 1977 875 circumcisione*)

377 881 448 931 ad
468 880 714 945 quemvis
734 879 939 944 potius,
980 897 1143 946 quam
1162 882 1232 932 ad
1252 887 1333 940 te,
1370 883 1597 932 missum
1630 893 1784 930 esse:
1824 877 1975 938 vide,

377 961 446 997 ne
469 946 601 1012 quid
621 945 723 996 tibi
743 946 1010 1008 iumento,
1033 954 1091 997 ut
1110 947 1192 996 ait
1229 947 1561 1008 Plautus,'·*)
1582 953 1681 996 tuo
1718 959 1974 994 arcessas
2065 949 2075 954 ’

375 1013 525 1064 mali.
594 1011 734 1064 Nam
753 1012 801 1062 si
821 1013 1027 1079 pergis,
1066 1020 1181 1064 tam
1217 1013 1303 1063 fre
1345 1019 1541 1064 uenter
1576 1013 1789 1062 mittam
1825 1009 1894 1060 ad
1915 1017 1975 1059 te

377 1079 591 1157 aliquid
612 1080 932 1130 naeniarum
950 1094 1216 1142 mearum,
1237 1086 1298 1129 ut
1355 1081 1563 1129 icturus
1585 1079 1681 1138 sis,
1728 1074 1843 1128 0120
1862 1075 1975 1124 iam

375 1155 507 1196 satu
530 1147 734 1209 est.***)
805 1145 1099 1210 Equidem,
1131 1161 1441 1212 quanquam
1460 1147 1551 1194 vix
1569 1143 1656 1194 fas
1677 1150 1766 1194 est
1789 1143 1856 1193 de
1876 1156 1975 1191 vo-

373 1213 463 1262 bis
497 1212 704 1262 talibus
740 1211 873 1261 viris
913 1213 1209 1277 quidquam
1245 1213 1471 1276 sequius
1510 1211 1809 1276 suspicari,
1847 1207 1973 1258 sub-

375 1292 578 1342 vereor
620 1283 806 1326 tamen
849 1277 1148 1338 interdum,
1194 1293 1265 1328 ne.
1301 1277 1503 1328 ludatis
1542 1291 1657 1338 me,
1695 1274 1975 1326 hominem

378 1343 683 1408 simplicem
717 1350 775 1391 et
801 1342 1108 1404 credulum,
1148 1350 1204 1393 et
1241 1343 1539 1409 postuletis
1575 1342 1646 1392 ad
1684 1357 1785 1392 vos
1824 1339 1977 1390 mitti

377 1423 520 1465 mea,
540 1422 608 1458 ne
631 1408 793 1467 desit,
814 1407 966 1472 quod
989 1408 1238 1458 rideatis.
1310 1408 1456 1468 Quid
1479 1410 1624 1458 enim
1645 1423 1679 1457 a
1695 1423 1803 1468 mc,
1823 1405 1975 1472 quod

377 1480 567 1527 vestra
586 1488 697 1524 non
721 1471 898 1523 dicam
921 1474 1429 1538 commendatione,
1468 1476 1567 1526 sed
1604 1475 1849 1525 lectione
1891 1472 1975 1522 di-

381 1557 548 1609 gnum
567 1541 662 1601 sit,
707 1542 977 1605 praestari
1001 1541 1223 1607 potestss
1280 1540 1391 1591 Sed
1429 1548 1613 1592 tamen
1650 1547 1838 1592 vestra
1861 1539 1975 1588 ista

382 1623 515 1659 cura
549 1622 616 1657 ac
653 1607 924 1673 cogitatio
959 1606 1147 1658 fuerit.
1216 1606 1339 1675 Ego
1376 1609 1525 1659 bona
1550 1608 1659 1657 fide
1691 1622 1878 1673 agam,
1916 1610 1979 1655 et

383 1674 650 1743 quidquid
669 1674 903 1735 cudero,
942 1674 1159 1725 mittam
1191 1674 1261 1724 ad
1281 1690 1411 1737 νοις
1450 1681 1525 1735 et,
1560 1675 1608 1724 si
1638 1672 1779 1723 nihil
1804 1670 1975 1730 aliud,

383 1742 674 1793 ambitioni
691 1746 844 1791 certe
865 1740 1082 1791 cuidam
1098 1755 1257 1791 meae
1299 1740 1535 1791 serviam
1570 1738 1977 1803 ostentaboque

385 1808 654 1873 epistolas
673 1814 908 1869 vestras,
929 1815 992 1857 ut
1009 1822 1096 1857 me
1116 1805 1369 1859 homines
1386 1812 1584 1873 putent
1604 1820 1731 1856 esse
1749 1802 1977 1869 aliquid,

387 1874 545 1925 cuius
584 1873 793 1935 scripta
825 1887 860 1921 a
895 1873 1121 1923 summis
1159 1874 1295 1924 viris
1334 1879 1743 1937 exspectantur.
1810 1870 1883 1920 Et
1917 1875 1983 1919 ut

387 1938 516 1988 hinc
539 1950 825 1986 numerare
845 1938 1082 2001 incipias
1097 1973 1113 1998 ,
1150 1939 1309 1987 mitto
1331 1939 1401 1990 ad
1420 1945 1477 1988 te
1498 1939 1686 1989 nescio
1710 1938 1841 2004 quid
1861 1949 1983 1985 ver-

389 2001 634 2064 suum,†)
657 2016 796 2065 quos
818 2000 930 2050 feci
950 2017 1140 2066 nuper,
1167 2018 1291 2052 cum
1311 2004 1380 2053 ad
1396 2018 1484 2053 me
1504 2004 1618 2054 loa.
1641 2004 1982 2061 Zamoscius,

388 2083 620 2135 magnus
643 2066 912 2117 Poloniae
933 2067 1311 2119 cancellarius
1326 2104 1343 2129 ‚
1385 2068 1493 2120 duo
1513 2071 1764 2135 ingentia
1780 2066 1985 2118 numis-

389 2142 539 2187 mata
559 2147 729 2184 aurea
751 2132 1018 2193 misisset,
1051 2148 1284 2197 quorum
1312 2150 1367 2183 ln
1388 2150 1498 2185 uno
1528 2134 1794 2200 Stephani
1814 2134 1985 2198 Regis

393 2202 606 2269 effigies
628 2201 843 2260 visitur,
877 2201 934 2249 in
953 2198 1130 2249 altero
1158 2200 1333 2265 ipsius
1354 2202 1651 2262 Zamoscii3
1693 2216 1763 2251 ex
1795 2200 1987 2249 adver-

393 2285 457 2319 so
496 2275 705 2329 autem,
751 2268 810 2317 in
846 2265 946 2315 illo
987 2266 1207 2331 quidem
1247 2269 1407 2335 regio
1457 2268 1774 2333 provinciae
1824 2266 1985 2324 duae,

393 2349 530 2400 quas
550 2334 670 2399 ipse
694 2332 761 2384 ab
785 2331 1038 2383 hostibus
1059 2334 1299 2399 recepit3
1341 2336 1399 2383 in
1419 2334 1781 2383 Zamosciano
1802 2336 1986 2381 autem

393 2414 636 2450 coronae
657 2399 798 2450 duae
817 2400 1092 2465 implexae
1105 2435 1122 2461 ,
1152 2400 1412 2467 oleagina
1432 2415 1555 2461 una,
1578 2399 1773 2449 laurea
1791 2398 1986 2457 altera,

448 2496 488 2547 ¹¹)
522 2497 645 2538 Orat.
666 2496 771 2537 vol.
791 2498 853 2539 11.
874 2503 908 2541 1.

445 2551 510 2601 ⁸⁸)
542 2550 767 2603 Amphitr.
786 2552 824 2593 1.
849 2558 884 2593 Ι.
911 2555 1002 2595 1⁴11.

448 2606 534 2656 ⁸⁹³)
566 2604 704 2645 Mart.
725 2604 805 2648 lv.
825 2609 893 2648 91.
916 2612 954 2649 1.

449 2658 508 2713 †)
544 2658 778 2711 negantur
793 2660 842 2703 in
859 2660 1016 2704 Poeni.
1037 2660 1145 2705 Var.
1162 2663 1199 2706 1.
1221 2668 1288 2707 4³.
