2275 3025
526 167 784 221 EPIST.
822 167 975 220 LIB.
1014 120 1085 221 sl.
1124 167 1242 220 ΕΡ.
1281 160 1510 218 XXXI.
1550 166 1808 220 xxxu.
1879 157 1980 218 '245

378 269 795 334 supputatione:
835 269 934 318 sed
978 283 1049 320 ex
1105 265 1208 318 hae
1252 281 1397 317 nova
1431 267 1784 318 correctione
1829 281 1975 319 xvn.

374 333 501 386 Kal.
541 334 681 402 Nor.
720 347 1027 386 mnnxxxn.

767 587 969 639 XXXI.
1022 602 1237 640 murm
1281 599 1606 642 amasso.

456 652 741 750 Quando,
766 687 932 753 -quod
974 688 1076 738 tibi
1121 689 1320 748 debeo,
1359 695 1645 752 praestare
1675 687 1853 741 adhue
1879 703 1989 740 non

393 768 645 819 possum,
675 755 917 816 interim,
946 769 1018 805 ne
1042 755 1208 822 plane
1231 751 1434 804 malum
1455 769 1654 804 nomen
1675 754 1777 804 tibi
1800 754 1993 804 videar

386 820 547 870 mitto
572 821 642 870 ad
658 826 714 870 te
738 818 877 871 hano
900 823 1336 886 qualemcunque
1360 818 1668 871 homiliann
1705 821 1756 883 *)
1791 819 1860 870 de
1883 834 1992 886 qua

388 893 655 952 exspecto
677 886 942 937 iudicium
964 894 1135 938 tuum.
1207 887 1552 937 Tirocinium
1585 885 1690 936 hoc
1714 885 1989 953 quoddam

351 953 363 960 ’
385 951 494 1006 fuit
514 953 781 1019 quasique
803 955 1263 1019 experimentunu
1288 968 1560 1017 nunquam
1583 954 1726 1002 enim
1749 959 1916 1004 antea
1934 953 1990 1002 in

388 1033 459 1070 eo
483 1034 689 1086 genere
712 1026 965 1077 versatus
988 1035 1156 1072 eram.
1227 1019 1372 1069 Puto
1392 1027 1575 1069 tamen
1615 1018 1758 1078 fore,
1799 1019 1848 1069 si
1877 1020 1993 1069 vita

388 1092 663 1166 suppetet,
688 1093 751 1136 ut
769 1085 1043 1136 eiusmodi
1064 1085 1223 1151 plura
1259 1086 1518 1135 mediter-2
1556 1099 1822 1151 nusquam
1846 1088 1991 1136 enim

390 1165 605 1202 animus
624 1167 781 1201 meus
802 1152 857 1200 in
880 1150 985 1202 hac
1014 1152 1125 1202 iam
1158 1151 1426 1201 inclinata
1455 1150 1512 1200 in
1551 1151 1765 1202 senium
1806 1157 1989 1202 aetate

389 1217 655 1269 libentius
678 1233 781 1267 con
824 1217 1044 1269 uie-eit.
1114 1219 1158 1268 A
1179 1223 1236 1267 te
1259 1219 1390 1282 quin
1427 1230 1597 1278 muer,
1637 1231 1746 1267 non
1769 1217 1990 1268 dubito=

390 1298 571 1350 neque
611 1286 756 1334 enim
837 1299 902 1336 ac
934 1283 1157 1349 quidem
1179 1283 1235 1333 in
1259 1298 1320 1332 re
1359 1283 1490 1333 volo
1513 1283 1594 1332 tui
1615 1283 1815 1334 similis
1837 1295 1991 1346 esse,

390 1349 503 1416 qui,
525 1349 859 1416 simulatque
880 1365 987 1418 ego
1006 1350 1230 1430 paulum
1251 1365 1285 1399 a
1308 1349 1601 1400 scribendo
1626 1351 1860 1412 cessavi,
1881 1357 1994 1402 sta·

388 1419 489 1468 tim
514 1418 791 1468 excidisse
812 1424 869 1468 te
888 1415 1025 1468 miln
1048 1431 1117 1468 ex
1138 1415 1322 1467 ani'mo
1344 1417 1664 1483 suspicaris.
1711 1417 1834 1484 Ego
1860 1430 1993 1468 vero

388 1491 465 1547 te,
506 1485 612 1537 etsi
640 1485 697 1536 in
736 1484 1033 1536 scribendo
1072 1486 1126 1553 pi
1173 1498 1236 1535 er
1271 1499 1412 1547 sum,
1453 1498 1675 1551 semper
1711 1490 1899 1536 tamen
1933 1484 1994 1534 in

389 1554 659 1603 memoria
678 1551 887 1615 habe03
914 1566 1094 1618 neque
1116 1500 1236 1602 «fies
1257 1551 1402 1601 ullus
1423 1552 1708 1616 praeterit,
1736 1566 1846 1617 quo
1883 1565 1992 1600 non

390 1618 449 1667 iu
489 1619 745 1683 precibus
786 1618 1129 1683 quotidianis
1170 1616 1492 1666 nominatim
1529 1615 1652 1665 Deo
1691 1622 1748 1665 te
1788 1624 1993 1681 tuaque

344 1677 374 1703 ⁶
392 1684 791 1734 commendem.
864 1683 1028 1744 Quod
1048 1698 1172 1733 cum
1191 1681 1360 1747 facio,
1398 1681 1456 1729 id
1476 1680 1644 1742 facio,
1719 1682 1832 1730 uod
1850 1698 1994 1733 sum-

394 1760 515 1799 mus
554 1762 690 1813 erga
744 1763 830 1798 me
875 1763 1031 1798 amor
1068 1754 1198 1797 tuus
1258 1753 1623 1813 promeretur.
1747 1745 1861 1808 ale,
1919 1748 1996 1797 mi

395 1814 731 1863 amicissime
788 1814 1035 1865 Sacrate.
1098 1813 1328 1864 Romae.
1381 1810 1535 1864 Prid.
1589 1812 1669 1864 Id.
1733 1813 1994 1865 Ianuarii.

396 1893 758 1931 nonxxxm.-
1891 1904 1906 1911 -

774 2128 1005 2179 xxxu.
1045 2141 1261 2179 tinam
1301 2140 1616 2179 saetisve.

469 2192 731 2279 otiosus
754 2245 890 2281 sum.
959 2228 1085 2279 Non
1113 2242 1282 2297 saepe
1306 2242 1575 2297 usurpare
1595 2224 1730 2279 mihi
1751 2224 1998 2282 hoefver-

395 2294 525 2346 bum
545 2294 697 2346 licet.
766 2295 841 2346 Ut
858 2296 1046 2362 igitur,
1067 2295 1115 2344 si
1137 2310 1246 2346 una
1272 2308 1538 2355 essemus,
1561 2294 1823 2361 quiequid
1844 2294 2000 2347 dafe-

394 2368 491 2413 tur
511 2360 633 2427 otii,
654 2367 839 2412 tecum
876 2362 1245 2414 libentissime
1285 2374 1695 2412 consumeremt
1735 2362 1818 2412 ita
1855 2378 1998 2414 nunc

397 2435 580 2481 tecum
604 2428 803 2479 absens
831 2443 931 2494 per
968 2429 1186 2481 litteras
1227 2427 1534 2493 colloquar.
1607 2426 1718 2480 Sed
1755 2436 1819 2480 ut
1852 2431 1999 2481 inter

395 2502 749 2561 praesentes,
780 2510 903 2546 cum
923 2495 1199 2546 sermonis
1221 2499 1602 2561 argumentum
1622 2494 1801 2557 deest,
1834 2510 1999 2563 quae-

396 2576 521 2615 rere
542 2563 687 2613 alter
706 2576 778 2614 ex
808 2562 985 2614 altero
1024 2561 1191 2625 solet,
1231 2559 1432 2629 ecquid
1469 2561 1602 2613 novi
1641 2561 1898 2625 audierit,
1939 2568 2001 2613 ut

450 2666 492 2717 ⁶)
525 2661 793 2707 Orast.Vol.
816 2662 881 2708 11.
910 2666 953 2709 2.
