2275 3025
468 173 729 226 EPIST.
768 173 922 224 LIB.
960 173 1077 225 111.
1117 175 1243 226 ΕΡ.
1279 175 1474 228 XLII.
1511 175 1733 227 XLIII.
1807 175 1907 227 259

475 272 701 324 XLIII.
748 274 824 324 M.
867 273 1290 328 ANTONIUS
1337 277 1731 328 MURETUS

371 369 775 408 ntnnonruo
836 371 1080 407 zom‘to
1131 371 1553 410 BonoNIENM
1609 373 1839 409 muno·

900 435 1125 474 sorno
1163 435 1211 473 S·
1253 438 1312 475 1).

374 507 782 605 Tragoediam
822 540 940 589 sive
978 539 1046 590 ab
1069 540 1418 591 auditoribus
1438 541 1570 603 tuis,
1610 546 1671 592 ut
1686 541 1908 603 scribis,

306 607 444 665 sive,
466 612 529 654 ut
546 604 680 655 mihi
700 605 1054 656 verisimilius
1080 607 1160 667 fit,
1185 622 1219 656 a
1255 612 1312 657 te
1351 609 1474 673 ipso
1516 607 1907 673 conscriptam,

306 686 415 723 non
436 677 646 721 tantum
668 687 791 722 cum
804 671 1110 738 voluptate,
1134 673 1235 724 sed
1255 673 1423 724 etiam
1445 689 1565 724 cum
1589 673 1906 723 admiratio·

306 753 377 788 ne
396 737 631 804 perlegi:
672 739 752 788 ita
770 737 907 790 mihi
931 739 1052 789 visa
1073 746 1160 790 cst
1179 739 1348 806 longe
1371 755 1536 805 supra
1555 739 1908 790 consuetudi-

306 819 431 854 nem
454 802 612 853 huius
634 806 851 866 aetatis,
898 812 1093 856 ornata
1111 807 1301 856 multis
1325 813 1382 856 et
1401 807 1662 872 gravibus
1687 812 1908 856 senten-

306 871 421 931 tiis,
434 926 443 933 ‚
456 876 515 920 et
540 874 869 936 tempestive
887 873 1121 937 prolatis
1165 879 1223 922 et
1242 873 1439 938 grandi
1460 888 1526 922 ac
1546 872 1765 922 sublimi
1787 886 1908 922 ver·

307 937 503 987 borum
526 951 731 1003 genere
750 938 1095 988 illuminatis.
1168 939 1281 988 lam
1301 938 1450 1003 quod
1467 938 1708 988 fabulam
1727 941 1906 1004 ipsam

308 1002 508 1053 leviter
543 1004 846 1054 immutasti
884 1005 1166 1070 pauloque
1188 1006 1353 1055 aliter
1372 1006 1647 1065 tractasti,
1691 1019 1852 1070 quam
1874 1018 1909 1053 a

306 1069 589 1119 veteribus
610 1071 821 1119 tradita
864 1076 967 1132 est,
1007 1069 1218 1120 factum
1254 1077 1364 1120 ate
1385 1069 1813 1137 prudentissime
1851 1076 1908 1120 et

309 1149 521 1184 summo
543 1135 781 1184 artificio
810 1135 1016 1186 iudico.
1089 1135 1228 1186 Nam
1253 1143 1310 1187 et
1347 1141 1566 1186 veteres
1600 1136 1754 1201 ipsos
1786 1135 1906 1186 eius

308 1201 391 1250 rei
414 1204 670 1250 auctores
690 1199 887 1263 habes,
928 1208 985 1251 et
1003 1215 1114 1251 non
1153 1217 1354 1269 magna
1374 1202 1678 1252 mutatione
1716 1217 1907 1268 perso·

308 1281 427 1325 nas,
487 1266 677 1332 quales
716 1266 1047 1317 Aristoteles
1089 1267 1160 1317 ad
1199 1268 1544 1335 tragoediam
1587 1273 1743 1335 aptas
1781 1283 1906 1318 esse

307 1332 443 1393 vult,
466 1331 778 1383 reddidisti.
850 1334 1053 1384 Totum
1093 1340 1277 1384 autem
1312 1349 1510 1401 poema
1551 1335 1667 1385 olet
1702 1335 1900 1384 Acade-

306 1400 489 1460 miam,
527 1399 644 1450 olet
680 1399 945 1465 Lyceum,
992 1401 1111 1450 olet
1149 1399 1575 1467 philosophiam,
1613 1415 1723 1452 non
1751 1401 1908 1450 illam

309 1463 590 1517 horridam
612 1472 669 1516 et
689 1466 971 1529 incultam,
987 1472 1044 1517 et
1064 1474 1162 1518 aut
1182 1469 1460 1535 elinguem
1490 1473 1586 1519 aut
1606 1468 1774 1519 stulte
1797 1468 1906 1518 cla-

310 1548 538 1594 mosam,
584 1548 723 1600 quae
755 1530 920 1583 hodie
939 1533 1164 1584 scholas
1185 1550 1357 1601 prope
1381 1549 1570 1585 omnes
1593 1536 1908 1600 occupavitt

308 1599 406 1649 sed
432 1606 699 1649 vetustam
720 1600 873 1649 illam
893 1601 1146 1660 Atticam,
1172 1608 1420 1651 ornatam
1439 1601 1494 1649 in
1540 1614 1802 1650 enuarum
1823 1614 1906 1649 ar·

306 1666 443 1716 tium
462 1666 637 1715 multo
674 1665 1079 1730 splendidoque
1121 1666 1406 1715 comitatu.
1530 1679 1669 1729 eque
1710 1665 1904 1715 dubito

306 1730 451 1791 fore,
490 1736 553 1779 ut
588 1736 685 1781 aut
710 1730 961 1779 omnibus
980 1730 1222 1794 place-at,
1259 1737 1354 1779 aut
1391 1731 1462 1781 iis
1480 1736 1696 1779 tantum
1717 1730 1906 1795 displi-

308 1802 451 1856 ceat,
492 1797 687 1860 quibus
712 1795 1009 1861 displicere
1031 1796 1154 1845 laus
1175 1801 1279 1845 est.
1350 1794 1432 1845 Ne
1452 1810 1540 1845 me
1562 1802 1744 1846 tamen
1767 1795 1904 1846 haec

307 1862 531 1913 auribus
546 1862 657 1911 tuis
678 1862 923 1911 tribuere
944 1861 1115 1922 dicas,
1136 1861 1397 1913 indicabo
1420 1864 1604 1923 etiam,
1629 1877 1769 1929 quae
1791 1876 1905 1912 non

307 1990 309 1992 ‚
343 1930 558 1988 robem,
580 1932 641 1977 ut
654 1932 811 1977 tanto
834 1930 1010 1993 magis
1032 1926 1343 1995 intelligas,
1373 1926 1510 1979 mihi
1548 1936 1738 1979 cetera
1777 1942 1904 1995 pro-

304 1944 446 2045 gari.
503 1994 663 2053 Quod
682 1994 856 2058 igitur
874 1996 931 2044 in
990 1994 1189 2061 rologo
1209 2009 1416 2058 omnes,
1438 1995 1633 2062 quibus
1654 1997 1902 2063 probitas

308 2076 373 2110 ac
392 2062 572 2126 pietas
591 2059 745 2110 cordi
768 2066 869 2123 est,
897 2010 1152 2111 inflentur
1173 2063 1344 2124 exire,
1374 2067 1435 2112 ut
1462 2064 1503 2112 ii
1538 2068 1752 2113 tantum
1779 2076 1902 2129 spe·

308 2132 475 2186 etent,
500 2127 591 2192 qui
614 2127 942 2177 crudelitate
986 2134 1043 2177 et
1062 2128 1405 2179 immanitate
1428 2136 1748 2193 pascantur,
1791 2141 1903 2178 non

308 2194 505 2259 placet.
574 2192 697 2243 Ista·
713 2196 856 2243 enim
876 2197 1092 2245 ratione
1115 2210 1348 2246 vacuum
1367 2195 1602 2259 relinqui
1625 2194 1904 2243 theatrum

304 2273 540 2309 necesse
570 2263 673 2309 est.
742 2260 820 2309 Ac
848 2261 986 2321 scio,
1030 2258 1171 2313 haec
1205 2262 1440 2329 figurate
1473 2261 1610 2310 dici:
1654 2259 1754 2309 sed
1796 2259 1902 2309 hoc

307 2324 454 2386 dico,
478 2326 709 2391 figuram
727 2327 905 2391 ipsam
939 2326 1075 2377 mihi
1113 2330 1268 2379 nullo
1297 2326 1462 2378 modo
1485 2326 1726 2392 probari.
1799 2326 1904 2376 Illa

308 2406 545 2457 quoque,
571 2405 711 2457 quae
732 2393 798 2442 ad
824 2394 1082 2443 mulieres
1118 2396 1415 2461 pertinent,
1455 2398 1516 2443 ut
1535 2392 1722 2458 lepida
1741 2399 1798 2442 et
1819 2407 1902 2443 ar-

308 2464 442 2523 guta
464 2459 637 2509 videri
664 2464 883 2524 queant,
920 2467 1071 2510 certe
1104 2462 1352 2527 tragicae
1393 2459 1682 2526 gravitatis
1718 2460 1904 2510 aliena

307 2529 451 2576 sunt.
522 2524 612 2585 Et,
629 2531 696 2575 >ut
712 2526 886 2575 semel
906 2526 1101 2586 dicam,
1124 2531 1302 2576 totum
1322 2528 1613 2594 prologum
1635 2526 1900 2587 delerem,

308 2606 486 2658 neque
508 2591 623 2641 ullo
644 2605 870 2656 prorsus
890 2593 1129 2658 prologo
1150 2600 1357 2645 uterer.
1410 2592 1516 2643 Ubi
1536 2596 1681 2643 enim
1696 2592 1899 2647 chorus

308 2665 412 2720 est,
442 2658 541 2710 tali
577 2659 939 2726 prologorum
972 2660 1170 2725 generi
1205 2660 1362 2712 locus
1401 2674 1525 2711 esse
1563 2675 1674 2711 non
1695 2663 1899 2725 potest.
1988 2656 1992 2660 “

1455 2734 1570 2787 Ra
