2275 3025
528 140 788 193 EPIST.
824 142 1158 195 AUCTAR.
1203 142 1325 194 ΕΡ.
1364 142 1586 194 xxvi.
1762 141 1862 199 349

268 240 800 306 Utamurpotiusilla
810 244 987 292 veteri
1006 242 1408 294 consuetudine
1431 241 1710 292 scribendi
1731 245 1862 294 ami·

266 321 333 358 ce
377 322 443 357 ac
481 307 833 358 familiariter
869 307 1131 374 quicquid
1167 310 1222 358 in
1259 307 1458 358 solum.
1529 308 1615 356 Tu
1640 308 1860 373 quidem

265 374 447 424 minus
487 372 711 423 crebras
751 387 907 423 a-me
947 374 1168 423 litteras
1204 375 1466 439 accipies,
1507 373 1556 422 si
1585 386 1706 423 eam
1727 372 1859 424 mihi

262 440 657 491 necessitatem
679 438 929 503 imponas
944 475 959 500 ,
982 446 1043 490 ut
1070 453 1211 507 quae
1238 439 1309 490 ad
1334 446 1389 490 te
1409 439 1644 488 scribam
1668 438 1859 488 limare

263 520 332 556 ac
368 505 548 570 polire
590 517 780 570 cogar.
851 504 1014 564 Quod
1048 503 1184 555 mihi
1210 505 1355 556 ultro
1396 493 1582 555 defers
1619 504 1859 555 indicem

262 572 533 621 librorum
562 570 654 634 qui
684 574 813 619 sunt
842 571 899 621 in
921 570 1264 622 bibliotheca
1282 571 1565 631 Caesaris,
1606 571 1857 638 adeoque

261 637 315 688 si
337 635 469 701 quid
489 635 730 685 describi
752 635 917 686 velim
931 672 947 698 ,
967 644 1029 686 ut
1046 637 1104 687 id
1126 637 1255 698 fiat,
1277 644 1589 688 curaturum
1627 637 1857 702 pollice-

260 702 367 761 ris,
406 701 584 750 amice
618 715 842 780 magne,
885 705 1007 769 quis
1031 704 1134 754 tibi
1168 701 1364 770 genius
1391 704 1448 753 id
1477 718 1598 769 quo,
1619 717 1728 770 ego
1750 717 1858 753 uno

259 766 501 820 maxime
530 781 596 816 ac
620 765 886 818 facillime
918 769 1039 836 capi
1070 783 1316 835 possem,
1354 769 1654 828 indicavit!
1692 769 1860 819 Certe

259 835 427 894 enim,
465 832 517 883 si
555 848 679 883 cum
710 831 912 898 Ulysse
956 833 1206 898 fuissem,
1247 843 1304 886 et
1337 835 1562 886 Sirenes
1589 833 1724 885 mihi
1743 835 1856 888 tale

258 898 473 966 aliquid
495 905 901 962 ostentassent,
920 900 977 950 in
998 915 1148 950 mare
1167 916 1272 962 me,
1295 905 1512 967 opinor,
1532 917 1858 969 quamquam

257 981 373 1016 nou
393 965 554 1017 valde
574 965 752 1017 bonus
772 971 1010 1027 natator,
1033 967 1416 1028 coniecissem,
1447 973 1510 1017 ut
1530 967 1600 1017 ad
1622 983 1718 1018 eas
1739 982 1858 1033 per-

258 1033 525 1083 venirem.
595 1032 837 1083 lndicem
863 1033 1036 1098 igitur
1052 1032 1210 1084 illum
1233 1034 1552 1085 avidissime
1574 1048 1671 1084 exs
1713 1040 1856 1084 ecto.

261 1099 443 1159 Quem
482 1097 751 1148 honorem
797 1095 990 1149 habuit
1026 1099 1234 1149 Caesar
1272 1102 1342 1164 τῷ
1377 1102 1636 1166 μακαρίτῃ
1710 1099 1860 1151 aullo

258 1165 547 1226 manatio,
587 1164 760 1227 idem,
808 1171 870 1215 ut
906 1163 1041 1214 mihi
1083 1179 1304 1232 quoque
1344 1164 1645 1229 habeatur,
1711 1164 1862 1233 quod

262 1231 517 1282 ostendis
546 1229 713 1282 facile
742 1245 841 1297 per
862 1239 917 1282 te
940 1238 997 1282 et
1014 1246 1113 1297 per
1141 1232 1413 1284 Matthaei
1447 1232 1606 1285 Sturii
1649 1238 1864 1301 patrem

260 1299 337 1349 im
380 1297 568 1359 etrani,
609 1297 661 1348 si
692 1298 887 1360 velim,
925 1311 1117 1364 posse:
1155 1299 1507 1365 respondebo
1537 1300 1637 1350 tibi
1670 1305 1862 1367 aperte

262 1370 324 1416 et
343 1313 607 1415 iii-evitet.
676 1363 800 1430 Ego
834 1365 1055 1432 quidem
1082 1379 1181 1431 per
1199 1381 1286 1416 me
1307 1366 1364 1418 id
1386 1363 1516 1416 mihi
1542 1373 1731 1432 petere
1751 1381 1864 1416 non

262 1429 547 1492 auderem,
586 1443 656 1481 ne
678 1431 1005 1483 anibitiosus
1025 1431 1265 1495 viderer,
1306 1447 1445 1496 neve
1463 1432 1732 1484 irridendi
1752 1434 1865 1484 mei

263 1498 618 1551 occasionem
640 1497 893 1566 cuiquam
916 1497 1128 1561 darem,
1149 1501 1200 1551 si
1217 1497 1366 1551 forte
1385 1499 1443 1551 id
1465 1505 1738 1565 peterem,
1770 1513 1864 1551 ne·

263 1580 372 1631 que
407 1566 659 1616 obtinere
692 1580 941 1629 possem;
982 1566 1084 1627 sed
1115 1568 1167 1616 si
1197 1580 1298 1630 per
1336 1567 1547 1615 amicos
1574 1566 1862 1633 negotium

261 1630 465 1681 confici
484 1636 694 1697 posset,
735 1632 904 1695 longe
925 1631 1221 1695 plurimum
1244 1630 1450 1681 debere
1473 1637 1530 1680 et
1551 1631 1860 1681 Caesareae

258 1696 569 1756 Maiestati,
608 1700 666 1743 et
684 1695 773 1754 iis,
814 1696 911 1759 qui
945 1691 1081 1743 mihi
1119 1700 1336 1745 tantum
1375 1692 1644 1745 honorem
1664 1696 1733 1747 ab
1761 1696 1861 1746 illa

261 1761 679 1820 conciliassent,
710 1766 767 1809 et
786 1773 1172 1825 agnoscerem,
1212 1766 1270 1809 et
1289 1758 1682 1826 praedicarem.
1751 1762 1858 1813 Ex-

259 1825 527 1893 spectabo
554 1826 753 1891 igitur,
795 1827 924 1877 dum
950 1840 1118 1891 super
1151 1840 1220 1877 ea
1244 1840 1306 1877 re
1336 1826 1545 1893 aliquid
1567 1827 1638 1883 ad
1658 1841 1744 1879 me
1768 1842 1857 1879 ex-

256 1888 532 1961 'ploratius
570 1891 807 1942 scribas:
848 1907 915 1943 ac
941 1897 1061 1943 tum
1086 1892 1324 1954 demum,
1364 1894 1410 1943 si
1435 1893 1606 1955 voles,
1644 1894 1858 1945 mittam

256 1959 330 2010 ad
348 1964 405 2009 te
425 1957 675 2009 familiae
694 1972 851 2009 meae
872 1958 1077 2025 δεῖγμα.
1149 1959 1262 2016 Sed
1284 1960 1415 2027 quia
1435 1974 1560 2025 ego,
1603 1976 1726 2011 cum
1745 1961 1856 2013 iam

252 2024 472 2092 pridem
508 2023 773 2076 sacerdos
812 2026 915 2088 sim
936 2062 951 2088 ,
992 2025 1140 2077 lilios
1181 2040 1252 2077 ex
1288 2042 1374 2078 me
1401 2025 1714 2093 relin‘quere
1743 2043 1857 2079 nou

254 2106 513 2157 possum,
554 2092 603 2143 si
636 2092 770 2157 quid
799 2090 1152 2151 milii‚vestra
1171 2108 1344 2158 opera
1363 2094 1725 2156 concedetur,
1763 2108 1854 2143 cu-

254 2170 443 2275 perem
476 2157 536 2207 id
571 2162 629 2207 et
660 2156 732 2207 ad
752 2158 830 2207 Μ.
858 2160 1152 2211 Antonium
1179 2161 1476 2219 Muretum,
1520 2158 1712 2211 fratris
1744 2160 1854 2209 mei

294 2224 689 2291 lium,magnae
704 2225 827 2291 spei
842 2240 1091 2291 puerum,
1104 2241 1266 2292 quem
1289 2241 1396 2292 ego
1418 2240 1449 2275 e
1469 2225 1655 2276 Gallia
1673 2239 1854 2277 arces-

252 2292 419 2343 situm
440 2289 531 2340 hic
551 2304 764 2341 mecum
784 2292 988 2354 educo,
1028 2299 1086 2344 et
1104 2294 1180 2343 ad
1200 2299 1460 2360 posteros
1485 2292 1661 2357 ipsius
1684 2293 1852 2357 perti-

252 2372 405 2409 nere.
472 2356 561 2407 De
598 2355 949 2421 profectione
984 2364 1107 2421 tua,
1148 2359 1297 2425 quod
1333 2359 1392 2409 in
1433 2357 1540 2408 fine
1583 2370 1614 2407 e
1653 2357 1852 2409 istolae

251 2424 635 2491 adscripsisti,
671 2426 755 2474 ita
774 2421 911 2474 mihi
939 2431 1156 2491 gratum
1191 2440 1258 2475 ac
1291 2424 1588 2476 iucundum
1647 2424 1757 2485 uit,
1792 2430 1854 2474 ut

252 2488 392 2542 nihil
414 2505 598 2558 supra.
668 2490 803 2540 Ama
822 2504 933 2551 me,
975 2491 1128 2543 Bloti
1153 2491 1360 2556 optime
1383 2497 1439 2541 et
1459 2490 1852 2552 eruditissime,

256 2564 314 2609 et
351 2562 524 2618 scito,
560 2569 650 2608 me
690 2557 793 2607 tibi
829 2557 887 2607 in
926 2572 1115 2608 amore
1152 2562 1424 2623 perpetuo
1463 2571 1852 2623 responsurum

256 2638 401 2678 csse.
473 2622 631 2676 Vale.
654 2622 847 2685 Roma,
869 2621 1047 2674 Nonis
1064 2624 1307 2675 Martiis.
1330 2637 1620 2676 nnnxxrx.
