2275 3025
638 123 900 183 EPIST.
937 121 1091 175 LIB‘.
1126 123 1204 177 11.
1237 125 1358 177 ΕΡ.
1394 124 1564 177 xlx.
1806 125 1908 180 19⁹

304 228 483 306 magis
520 224 899 279 faeculentum
922 227 1025 283 est,
1048 224 1392 288 acceperintz
1421 239 1682 302 'quosque
1701 225 1760 276 in
1786 225 1904 279 illis

224 320 239 336 -
304 293 680 344 floridissimis
723 292 899 357 pratis
927 288 1190 350 Africani,
1239 289 1548 355 Papiniani,
1587 292 1655 341 Ul
1695 292 1806 342 iani
1845 299 1906 346 et

301 359 497 410 talium
518 359 676 424 pasci
698 355 1022 423 oportebat,
1057 355 1100 404 ii
1134 369 1278 405 nune
1314 347 1634 419 in‘Bartoli‚
1709 358 1822 408 aldi
1847 365 1904 410 et

304 425 545 476 aliorum
578 427 747 474 etiam
770 422 1049 488 sequioris
1064 427 1232 472 notae
1256 420 1515 473 sordibus
1537 437 1604 472 ac
1625 425 1902 488 sterquili-

304 491 413 540 niis
453 491 795 542 volutentur.
890 488 1043 548 Quos
1094 487 1250 554 quod
1293 487 1518 554 quidam
1555 489 1905 555 inelegantes

304 555 529 620 quidem
572 561 631 605 et
668 554 928 616 incultos,
971 554 1071 604 sed
1112 569 1316 621 magno
1355 560 1545 605 tamen
1579 555 1812 622 ingenio
1849 562 1906 607 et

306 623 427 672 aeri
444 621 657 672 iudicio
677 621 960 687 praeditos
983 621 1192 672 vixisse
1229 619 1412 682 aiunt,
1437 621 1506 672 de
1527 622 1675 672 istoc
1693 620 1905 673 videbi·-

306 701 455 750 mus3
488 701 615 737 nam
648 703 717 738 ne
750 702 857 754 ego
886 687 1112 754 quidem
1147 687 1230 737 eis
1253 687 1540 754 ingenium
1569 687 1783 749 adimo,
1823 689 1906 739 nio

306 753 410 802 mis
448 754 637 818 petius
666 755 991 820 ingeniosos
1031 752 1208 806 fuisse
1247 752 1457 806 fateor:
1498 753 1639 806 illud
1681 753 1908 822 quidem

306 823 465 870 eerte
496 821 689 886 negari
717 835 827 871 non
858 826 1063 886 potest,
1094 821 1252 871 cuius
1325 821 1412 871 uis
1449 823 1692 873 civitatis
1721 827 1905 888 neque

306 885 554 951 linguam
574 891 764 938 teneat
780 925 795 950 ,
818 901 999 952 neque
1020 886 1276 948 formam,
1321 902 1456 954 eges
1471 924 1490 950 ,
1509 902 1696 939 mores
1709 924 1724 951 ,
1745 888 1906 938 instio·

303 957 427 1002 tuta
470 954 825 1019 cognoverit,
856 953 977 1004 eius
1003 954 1091 1004 ius
1133 954 1298 1003 civile
1342 968 1455 1003 non
1493 969 1661 1019 posse
1701 954 1770 1004 ab
1814 969 1904 1017 eo,

303 1019 607 1082 quamlibet
628 1021 955 1085 ingeniosus
978 1019 1071 1079 sit,
1100 1018 1392 1070 commode
1413 1020 1906 1086 intelligenterque

301 1087 550 1134 tractari.
624 1085 773 1136 Satis
812 1086 987 1148 igitur
1026 1099 1116 1134 ma
1194 1099 1228 1133 a
1267 1086 1450 1149 gratia
1475 1086 1546 1135 iis
1574 1083 1769 1135 haberi
1793 1100 1907 1136 non

302 1154 511 1214 potest,
523 1151 619 1216 qui
638 1149 781 1200 hanc
794 1149 1095 1216 caliginem
1152 1151 1392 1200 'scatere
1415 1156 1474 1202 et
1496 1151 1618 1202 istis
1639 1151 1906 1217 imposto-

304 1214 460 1265 ribus
506 1214 823 1280 personam,
863 1215 966 1266 sub
1008 1230 1116 1282 qua
1157 1222 1270 1267 tam
1309 1215 1406 1266 diu
1443 1215 1760 1269 hominibus
1781 1216 1906 1269 illu-

304 1286 517 1342 serunt,
541 1280 835 1332 detrahere
857 1288 1146 1344 conantur,
1170 1297 1235 1333 ae
1257 1283 1542 1348 perficere,
1563 1288 1627 1334 ut
1645 1283 1905 1352 quemad-

301 1346 528 1398 modum
562 1354 782 1399 ceterae
815 1360 1005 1400 mnes
1035 1348 1364 1416 disciplinae
1397 1351 1738 1402 ateterrimo
1779 1351 1905 1402 bar-

300 1411 561 1464 barorum
584 1415 869 1466 dominatu
888 1414 1178 1478 liberatae,
1202 1416 1438 1467 nitorem
1459 1432 1526 1469 ac
1547 1417 1906 1482 splendorem

301 1494 461 1531 suum
481 1478 569 1531 his
590 1483 933 1549 temporibus
954 1488 1306 1549 receperunt,
1340 1483 1423 1535 ita
1441 1483 1740 1548 disciplina
1763 1483 1904 1536 iuris

298 1546 525 1598 tandem
561 1548 861 1615 aliquando
900 1550 958 1598 in
993 1550 1284 1614 pristinam
1315 1550 1646 1598 restituatur
1666 1549 1905 1613 dignita-

300 1618 429 1665 tem.
502 1614 671 1664 Tales
685 1620 742 1664 et
753 1614 1050 1663 nonnullos
1070 1614 1238 1663 ltalia
1255 1612 1491 1676 protulit
1516 1617 1575 1661 et
1592 1611 1761 1675 longe
1782 1612 1903 1676 plu-

300 1678 477 1729 rImos
498 1677 703 1727 Gallia.
752 1678 1001 1737 Quorum
1022 1691 1129 1742 ego
1156 1677 1296 1725 vesti
1337 1677 1395 1724 ia
1411 1690 1512 1742 pro
1536 1675 1736 1725 virium
1757 1690 1904 1726 mea-

299 1757 423 1793 rum
441 1742 668 1792 modulo
690 1755 1062 1819 persequens,
1089 1746 1269 1811 totum
1294 1691 1433 1789 {lud
1462 1738 1904 1807 quadriennium,

340 1822 412 1857 uo
434 1804 1056 1872 libros-Digestorumin
1066 1804 1172 1857 hae
1189 1804 1324 1856 urbe
1344 1806 1743 1872 interpretatus
1761 1822 1900 1873 aum,

338 1873 435 1923 edi
461 1872 719 1939 equidem
748 1886 999 1937 operam,
1040 1876 1103 1922 ut
1119 1871 1372 1940 quotidie
1392 1871 1632 1938 plurima
1646 1874 1904 1941 istorum,

300 1940 398 2006 qui
421 1940 563 1989 tanti
597 1940 655 1990 in
677 1936 877 2004 vulgus
906 1936 1119 2001 fierent,
1152 1954 1219 1991 ae
1246 1935 1576 1991 foedissima
1602 1947 1788 1993 errata
1806 1943 1900 1994 de·

296 2013 567 2072 tegerem,
590 2012 647 2056 et
680 2004 1098 2071 ingeniosorum
1138 2004 1558 2059 adolescenmm
1593 2008 1807 2060 animos
1827 2010 1900 2062 ad

297 2072 535 2123 meliora
570 2078 979 2135 converteren13
1030 2068 1455 2141 effecissemque
1517 2074 1739 2128 omnino
1797 2077 1898 2126 ali-

299 2138 451 2205 quid,
491 2139 600 2189 nisi
638 2136 917 2189 hominum
957 2138 1156 2190 nudari
1194 2138 1464 2193 subsellia
1501 2156 1603 2193 sua
1629 2146 1687 2193 et
1716 2144 1898 2193 corni-

298 2220 425 2256 cum
464 2203 657 2256 oeulos
698 2205 905 2271 configi
935 2204 1242 2255 dolentium
1272 2207 1704 2275 conquestiones
1729 2207 1900 2258 obsti-

295 2272 516 2322 tissent.
592 2272 795 2351 Cogito
840 2276 1044 2335 autem,
1082 2272 1132 2323 si
1154 2278 1215 2323 et
1234 2275 1352 2324 vita
1381 2273 1677 2339 supererit,
1699 2279 1760 2323 et
1795 2274 1900 2325 otii

299 2339 509 2418 aliquid
549 2340 867 2404 eontigerit,
909 2352 994 2400 ea,
1033 2353 1176 2406 quae
1217 2344 1348 2389 tune
1387 2353 1418 2388 e
1457 2338 1746 2402 superiore
1768 2339 1896 2392 loco

301 2404 435 2466 dixi,
458 2405 755 2471 colligere,
782 2410 862 2466 et,
884 2406 1145 2471 quoniam
1168 2405 1372 2455 multos
1401 2404 1460 2452 id
1483 2417 1684 2470 cupere
1711 2405 1898 2470 video,

298 2470 355 2521 in
374 2471 657 2537 publicum
680 2470 953 2523 emittere.
1000 2470 1246 2537 Ideoque
1269 2484 1414 2520 nune
1435 2468 1696 2535 exiguam
1729 2487 1898 2538 quan·

298 2534 425 2597 dam
443 2537 516 2586 ad
535 2542 589 2587 te
612 2550 805 2585 eorum
827 2536 1152 2599 particulam
1173 2537 1356 2586 mitto:
1397 2549 1558 2601 quam
1579 2540 1636 2587 tu
1649 2572 1666 2597 ,
1688 2538 1736 2587 si
1755 2540 1900 2588 tanti

298 2602 594 2665 videbitur,
615 2600 744 2651 istic
765 2598 1034 2650 edendam
1057 2599 1304 2663 curabis,
1340 2606 1398 2651 et
1421 2608 1518 2653 tuo
1544 2602 1732 2653 multis
1762 2601 1901 2653 mihi

1056 2699 1209 2750 ᾳὶλθίξ

1034 2741 1067 2768 0.)
1201 2738 1234 2766 -ἵ

1020 2768 1054 2793 *-
1217 2758 1254 2789 4

1065 2799 1212 2836 OXFORD

1035 2890 1140 2946 <see
1155 2880 1228 2945 AR*
