2275 3025
401 174 470 225 94
922 176 1001 227 Μ.
1035 162 1097 227 Α.
1132 173 1443 227 ΜυΒΕΤι

398 280 458 325 te
487 274 794 338 oblectare,
823 276 882 327 in
909 277 992 328 eis
1021 278 1207 328 omnia
1234 282 1292 327 et
1310 276 1456 327 seria
1482 280 1539 326 et
1555 274 1682 327 ioca
1694 279 1791 325 tna
1810 274 1981 326 collo·

401 356 546 392 care.
617 341 666 393 N
670 358 741 394 on
759 359 990 411 magnus
1011 345 1173 395 labor
1188 358 1388 411 magno
1409 343 1510 393 tibi
1530 342 1663 393 olim
1680 340 1879 391 honori
1898 340 1982 391 fu-

402 405 568 459 turus'
583 415 684 461 est.
753 410 869 461 lsta
891 412 1006 473 via,
1035 428 1195 478 quam
1220 418 1281 462 tu
1302 426 1445 462 nune
1459 408 1794 475 ingrederis,
1822 409 1983 458 multi

405 474 600 527 humili
619 483 675 527 et
691 476 926 529 obscuro
948 478 1076 529 loco
1087 481 1200 529 orti
1220 477 1665 543 adamplissimas
1687 475 1982 542 dignitates

443 550 785 596 ervenerunt.
856 547 1031 611 Atque
1041 546 1259 595 etiamsi
1280 544 1431 595 nulla
1450 544 1724 595 eiusmodi
1744 544 1986 609 praemia

447 613 606 663 tteris
631 612 919 679 proposita
941 618 1149 662 essent:
1184 612 1306 677 ipsa
1332 616 1517 661 tamen
1535 612 1789 662 doctrina
1806 625 1985 660 aman-

403 678 477 729 da
512 685 598 729 est
623 693 724 745 per
747 692 833 740 se,
869 692 1048 743 neque
1090 678 1383 746 quidquam
1408 680 1467 728 in
1493 675 1713 729 homine
1744 679 1983 745 ingenuo

402 746 618 812 turpius
638 751 726 795 est
741 745 1092 823 ignoratione
1112 760 1302 795 earum
1320 759 1529 807 rerum,
1556 756 1785 812 quarum
1808 744 1985 795 seien-

403 813 485 862 tia
525 812 648 863 sine
686 811 890 861 litteris
934 812 1243 878 comparari
1278 827 1389 863 non
1424 816 1625 876 potest.
1694 812 1983 878 Voluptas,
2022 826 2029 829 ·

405 892 545 946 quae
567 892 638 929 ex
660 878 910 944 turpibus
931 880 1172 945 eapitur,
1206 878 1466 929 celeriter
1483 880 1709 939 transit,
1736 880 1987 929 dolorem

403 950 588 995 autem
605 946 664 995 in
683 947 862 996 animo
903 946 1216 999 diuturnum
1236 946 1523 1012 relinquit:
1560 951 1619 995 at
1640 945 1800 995 labor
1826 946 1883 996 iu
1900 960 1985 995 re-

402 1011 775 1078 bus‘honestis
798 1013 1122 1076 collocatus,
1143 1015 1263 1081 ipse
1285 1013 1505 1081 quidem
1524 1010 1747 1077 effugit3
1782 1027 1986 1063 memo-

403 1079 544 1130 riam
563 1086 744 1131 autem
763 1081 850 1130 sui
867 1083 925 1133 in
943 1082 1126 1132 animo
1146 1081 1411 1148 relinquit
1426 1080 1645 1147 plenam
1663 1077 1987 1131 honestissi-

403 1161 528 1197 mae
566 1154 622 1198 et
657 1147 1028 1199 solidissimae
1078 1148 1398 1215 voluptatis».
1480 1146 1643 1198 Haec
1698 1148 1885 1214 cogita
1930 1152 1988 1197 et

404 1214 546 1265 vale.
569 1214 812 1269 Postrid.
833 1214 911 1266 ld.
933 1216 1032 1267 Iul.
1054 1217 1334 1279 Tibure.*)

813 1430 971 1483 LXI.
1014 1446 1236 1483 mnam
1280 1446 1579 1483 munte.

471 1496 628 1586 Etsi
654 1531 793 1585 nihil
818 1539 938 1584 erat
965 1533 1114 1601 quod
1137 1534 1460 1604 scriberem,
1490 1549 1559 1584 ae·
1581 1539 1871 1600 praeterea
1894 1535 1989 1585 mi-

405 1616 529 1654 rum
565 1617 654 1654 me
730 1601 968 1654 uoddam
1012 1599 1296 1664 ,scribendi
1334 1601 1519 1652 odium
1552 1601 1800 1653 tenebat:
1837 1602 1990 1653 nolui

406 1675 592 1722 tamen
616 1685 714 1722 ver
751 1685 976 1722 eronem
1000 1666 1148 1732 hunc
1172 1683 1350 1720 meum
1378 1669 1497 1720 sine
1524 1669 1661 1719 meis
1683 1669 1753 1721 ad
1771 1676 1825 1720 te
1846 1670 1990 1720 litte-

404 1739 484 1788 ris
508 1739 654 1790 istuc
678 1739 886 1788 venire.
955 1738 1089 1788 Amo
1116 1744 1173 1788 te
1202 1736 1451 1804 quotidie
1480 1736 1683 1803 magis,
1711 1737 1858 1803 quod
1884 1752 1918 1787 a
1934 1743 1990 1786 te

405 1805 715 1856 litterarum
746 1804 932 1856 studia
957 1805 1153 1856 eodem
1180 1804 1345 1856 modo
1371 1803 1541 1868 amari
1569 1803 1809 1854 confido.
1881 1801 1992 1856 Sed

404 1870 571 1922 velim
591 1871 662 1920 ad
681 1886 766 1922 me
788 1872 1085 1938 diligenter
1103 1872 1331 1932 scribaS,
1356 1886 1463 1939 quo
1483 1882 1538 1922 te
1560 1885 1701 1922 nune
1720 1872 1991 1936 scriptore

408 1937 682 1999 oblectes,
723 1938 992 1989 Cicerone
1031 1953 1102 1988 an
1135 1940 1424 1998 Tereetio,
1465 1954 1556 1999 an,
1598 1937 1747 2004 quod
1788 1938 1991 2000 malim,

405 2003 673 2070 utroque!
708 2003 857 2054 Dare
885 2006 1050 2056 etiam
1081 2019 1305 2071 operam
1333 2001 1525 2066 debes,
1558 2012 1617 2054 ut
1640 2005 1697 2055 in
1724 2005 1822 2067 iis,
1852 2019 1993 2074 quae

403 2070 471 2121 ad
493 2085 579 2122 me
601 2070 834 2131 scribeS,
860 2071 932 2121 iis
952 2072 1215 2138 loquendi
1238 2071 1537 2138 generibus
1563 2078 1745 2135 utare,
1774 2072 1991 2140 quaein

404 2137 630 2189 illorum
655 2139 876 2203 seriptis
903 2139 1207 2202 notaveris;
1244 2145 1305 2190 ut
1332 2153 1400 2188 ea
1424 2139 1547 2205 ipsa
1563 2154 1654 2189 res
1676 2139 1839 2191 fidem
1861 2136 1989 2190 mihi

403 2205 575 2256 faeiat
595 2205 914 2278 diligentiae
934 2206 992 2256 in
1009 2205 1092 2257 eis
1113 2205 1365 2272 legendis
1384 2213 1532 2259 tuae.
1584 2203 1747 2258 Vale.
1764 2198 1989 2256 Tibure.

408 2289 460 2326 v.
479 2273 714 2326 Kalend.
731 2275 964 2340 August.
981 2287 1207 2326 unnxx.

795 2523 987 2577 Lxu.
1031 2541 1253 2578 mnam
1294 2541 1597 2578 menno.

473 2591 671 2677 Nemo
693 2632 781 2677 est
799 2627 1054 2690 omnium,
1079 2627 1149 2680 ad
1172 2643 1331 2696 quem
1350 2627 1628 2688 libentius,
1640 2633 1801 2692 quam·
1826 2625 1897 2678 ad
1916 2634 1993 2688 te,

464 2704 508 2761 ⁸)
537 2705 647 2749 vid.
665 2705 852 2750 Aucta-0
867 2707 1007 2762 epist.
1027 2713 1052 2751 ι
