<?xml version="1.0" encoding="UTF-8"?>
<!DOCTYPE html PUBLIC "-//W3C//DTD XHTML 1.0 Transitional//EN"
    "http://www.w3.org/TR/xhtml1/DTD/xhtml1-transitional.dtd">
<html xmlns="http://www.w3.org/1999/xhtml" xml:lang="en" lang="en">
 <head>
  <title>
</title>
<meta http-equiv="Content-Type" content="text/html;charset=utf-8" />
  <meta name='ocr-system' content='tesseract 3.04.00' />
  <meta name='ocr-capabilities' content='ocr_page ocr_carea ocr_par ocr_line ocrx_word'/>
</head>
<body>
  <div class='ocr_page' id='page_1' title='image "./epistolae00unkngoog_0135.png"; bbox 0 0 2275 3025; ppageno 0'>
   <div class='ocr_carea' id='block_1_1' title="bbox 461 148 1822 204">
    <p class='ocr_par' dir='ltr' id='par_1_1' title="bbox 461 148 1822 204">
     <span class='ocr_line' id='line_1_1' title="bbox 461 148 1822 204; baseline 0.003 -4"><span class='ocrx_word' id='word_1_1' title='bbox 461 148 729 203; x_wconf 84' lang='lat' dir='ltr'><strong>EPIST.</strong></span> <span class='ocrx_word' id='word_1_2' title='bbox 764 149 925 204; x_wconf 86' lang='lat' dir='ltr'>LIB.</span> <span class='ocrx_word' id='word_1_3' title='bbox 966 150 1005 204; x_wconf 84' lang='lat'><strong>1.</strong></span> <span class='ocrx_word' id='word_1_4' title='bbox 1040 149 1162 204; x_wconf 83' lang='grc' dir='ltr'><strong>ΕΡ.</strong></span> <span class='ocrx_word' id='word_1_5' title='bbox 1197 149 1554 203; x_wconf 82' lang='lat' dir='ltr'><strong>Lxxxm.</strong></span> <span class='ocrx_word' id='word_1_6' title='bbox 1721 152 1822 204; x_wconf 76' lang='lat'><strong>12¹1</strong></span> 
     </span>
    </p>
   </div>
   <div class='ocr_carea' id='block_1_2' title="bbox 163 248 1830 2712">
    <p class='ocr_par' dir='ltr' id='par_1_2' title="bbox 163 248 1830 2712">
     <span class='ocr_line' id='line_1_2' title="bbox 215 248 1818 319; baseline 0.002 -20"><span class='ocrx_word' id='word_1_7' title='bbox 215 248 427 316; x_wconf 80' lang='lat' dir='ltr'><strong>inquit,</strong></span> <span class='ocrx_word' id='word_1_8' title='bbox 485 248 633 300; x_wconf 68' lang='lat' dir='ltr'><strong>istud</strong></span> <span class='ocrx_word' id='word_1_9' title='bbox 672 252 888 302; x_wconf 75' lang='lat' dir='ltr'><strong>verbum</strong></span> <span class='ocrx_word' id='word_1_10' title='bbox 928 266 1127 319; x_wconf 79' lang='lat' dir='ltr'><strong>magno</strong></span> <span class='ocrx_word' id='word_1_11' title='bbox 1166 251 1455 303; x_wconf 76' lang='lat' dir='ltr'><strong>redemtum</strong></span> <span class='ocrx_word' id='word_1_12' title='bbox 1513 251 1655 302; x_wconf 72' lang='lat' dir='ltr'><strong>velie.</strong></span> <span class='ocrx_word' id='word_1_13' title='bbox 1734 252 1818 304; x_wconf 82' lang='lat' dir='ltr'><strong>Eo</strong></span> 
     </span>
     <span class='ocr_line' id='line_1_3' title="bbox 215 314 1824 384; baseline 0.002 -18"><span class='ocrx_word' id='word_1_14' title='bbox 215 317 346 383; x_wconf 90' lang='lat' dir='ltr'><strong>ipso</strong></span> <span class='ocrx_word' id='word_1_15' title='bbox 366 315 457 367; x_wconf 86' lang='lat' dir='ltr'><strong>die</strong></span> <span class='ocrx_word' id='word_1_16' title='bbox 479 317 580 367; x_wconf 88' lang='lat' dir='ltr'><strong>sub</strong></span> <span class='ocrx_word' id='word_1_17' title='bbox 603 332 916 384; x_wconf 80' lang='lat' dir='ltr'><strong>vesperam,</strong></span> <span class='ocrx_word' id='word_1_18' title='bbox 945 333 1067 369; x_wconf 91' lang='lat' dir='ltr'><strong>cum</strong></span> <span class='ocrx_word' id='word_1_19' title='bbox 1086 314 1226 368; x_wconf 86' lang='lat' dir='ltr'><strong>mihi</strong></span> <span class='ocrx_word' id='word_1_20' title='bbox 1242 319 1350 368; x_wconf 78' lang='lat' dir='ltr'><strong>iam</strong></span> <span class='ocrx_word' id='word_1_21' title='bbox 1371 323 1566 382; x_wconf 74' lang='lat' dir='ltr'><strong>parata</strong></span> <span class='ocrx_word' id='word_1_22' title='bbox 1586 319 1824 370; x_wconf 72' lang='lat' dir='ltr'><strong>coenula</strong></span> 
     </span>
     <span class='ocr_line' id='line_1_4' title="bbox 218 382 1820 451; baseline 0 -16"><span class='ocrx_word' id='word_1_23' title='bbox 218 388 399 444; x_wconf 85' lang='lat' dir='ltr'><strong>essct,</strong></span> <span class='ocrx_word' id='word_1_24' title='bbox 436 396 570 433; x_wconf 83' lang='lat' dir='ltr'><strong>ecce</strong></span> <span class='ocrx_word' id='word_1_25' title='bbox 604 383 709 436; x_wconf 84' lang='lat' dir='ltr'><strong>tibi</strong></span> <span class='ocrx_word' id='word_1_26' title='bbox 742 383 908 434; x_wconf 88' lang='lat' dir='ltr'><strong>homo</strong></span> <span class='ocrx_word' id='word_1_27' title='bbox 940 384 1012 434; x_wconf 83' lang='lat' dir='ltr'><strong>ad</strong></span> <span class='ocrx_word' id='word_1_28' title='bbox 1037 382 1213 434; x_wconf 79' lang='lat' dir='ltr'><strong>fores.</strong></span> <span class='ocrx_word' id='word_1_29' title='bbox 1286 383 1432 444; x_wconf 76' lang='lat' dir='ltr'><strong>Quid</strong></span> <span class='ocrx_word' id='word_1_30' title='bbox 1451 389 1540 446; x_wconf 87' lang='lat' dir='ltr'><strong>tu,</strong></span> <span class='ocrx_word' id='word_1_31' title='bbox 1578 386 1820 451; x_wconf 80' lang='lat' dir='ltr'><strong>inquam,</strong></span> 
     </span>
     <span class='ocr_line' id='line_1_5' title="bbox 218 445 1824 536; baseline 0.001 -36"><span class='ocrx_word' id='word_1_32' title='bbox 218 447 357 501; x_wconf 55' lang='lat' dir='ltr'><strong>huc?</strong></span> <span class='ocrx_word' id='word_1_33' title='bbox 431 445 659 512; x_wconf 77' lang='lat' dir='ltr'><strong>Tecum,</strong></span> <span class='ocrx_word' id='word_1_34' title='bbox 700 451 907 536; x_wconf 67' lang='lat' dir='ltr'><strong>inquit,</strong></span> <span class='ocrx_word' id='word_1_35' title='bbox 951 457 1014 500; x_wconf 75' lang='lat' dir='ltr'><strong>ut</strong></span> <span class='ocrx_word' id='word_1_36' title='bbox 1035 463 1274 512; x_wconf 69' lang='lat' dir='ltr'><strong>coenem,</strong></span> <span class='ocrx_word' id='word_1_37' title='bbox 1304 447 1518 517; x_wconf 73' lang='lat' dir='ltr'><strong>siser-te</strong></span> <span class='ocrx_word' id='word_1_38' title='bbox 1532 450 1753 515; x_wconf 77' lang='lat' dir='ltr'><strong>placare</strong></span> <span class='ocrx_word' id='word_1_39' title='bbox 1773 457 1824 502; x_wconf 77' lang='lat' dir='ltr'><strong>te</strong></span> 
     </span>
     <span class='ocr_line' id='line_1_6' title="bbox 209 513 1826 584; baseline 0 -18"><span class='ocrx_word' id='word_1_40' title='bbox 209 513 443 583; x_wconf 71' lang='lat' dir='ltr'><strong>possim,</strong></span> <span class='ocrx_word' id='word_1_41' title='bbox 482 516 655 580; x_wconf 74' lang='grc' dir='ltr'>φιλίαν</span> <span class='ocrx_word' id='word_1_42' title='bbox 674 513 810 581; x_wconf 72' lang='grc' dir='ltr'>ἄμφι</span> <span class='ocrx_word' id='word_1_43' title='bbox 840 513 1111 584; x_wconf 72' lang='grc' dir='ltr'><strong><em>τράπεζαν.</em></strong></span> <span class='ocrx_word' id='word_1_44' title='bbox 1181 516 1270 568; x_wconf 85' lang='lat' dir='ltr'><strong>Tu</strong></span> <span class='ocrx_word' id='word_1_45' title='bbox 1287 530 1422 567; x_wconf 79' lang='lat' dir='ltr'><strong>vero</strong></span> <span class='ocrx_word' id='word_1_46' title='bbox 1454 530 1694 566; x_wconf 77' lang='lat' dir='ltr'><strong>coenare</strong></span> <span class='ocrx_word' id='word_1_47' title='bbox 1714 531 1826 567; x_wconf 83' lang='lat' dir='ltr'><strong>me-</strong></span> 
     </span>
     <span class='ocr_line' id='line_1_7' title="bbox 222 583 1828 650; baseline 0.001 -18"><span class='ocrx_word' id='word_1_48' title='bbox 222 596 346 632; x_wconf 88' lang='lat' dir='ltr'><strong>cum</strong></span> <span class='ocrx_word' id='word_1_49' title='bbox 379 588 569 649; x_wconf 71' lang='lat' dir='ltr'><strong>potest</strong></span> <span class='ocrx_word' id='word_1_50' title='bbox 609 583 835 650; x_wconf 76' lang='lat' dir='ltr'><strong>placare</strong></span> <span class='ocrx_word' id='word_1_51' title='bbox 864 598 951 636; x_wconf 87' lang='lat' dir='ltr'><strong>me</strong></span> <span class='ocrx_word' id='word_1_52' title='bbox 980 597 1162 650; x_wconf 85' lang='lat' dir='ltr'><strong>neque</strong></span> <span class='ocrx_word' id='word_1_53' title='bbox 1193 587 1306 632; x_wconf 78' lang='lat' dir='ltr'><strong>tam</strong></span> <span class='ocrx_word' id='word_1_54' title='bbox 1339 583 1456 634; x_wconf 90' lang='lat' dir='ltr'><strong>cito</strong></span> <span class='ocrx_word' id='word_1_55' title='bbox 1495 597 1675 650; x_wconf 85' lang='lat' dir='ltr'><strong>neque</strong></span> <span class='ocrx_word' id='word_1_56' title='bbox 1713 589 1828 634; x_wconf 81' lang='lat' dir='ltr'><strong>tam</strong></span> 
     </span>
     <span class='ocr_line' id='line_1_8' title="bbox 222 645 1826 713; baseline 0.002 -16"><span class='ocrx_word' id='word_1_57' title='bbox 222 645 391 698; x_wconf 81' lang='lat' dir='ltr'><strong>facile</strong></span> <span class='ocrx_word' id='word_1_58' title='bbox 410 653 591 713; x_wconf 86' lang='lat' dir='ltr'><strong>potes.</strong></span> <span class='ocrx_word' id='word_1_59' title='bbox 663 649 815 701; x_wconf 83' lang='lat' dir='ltr'><strong>luter</strong></span> <span class='ocrx_word' id='word_1_60' title='bbox 834 665 1067 702; x_wconf 82' lang='lat' dir='ltr'><strong>coenam</strong></span> <span class='ocrx_word' id='word_1_61' title='bbox 1095 650 1294 711; x_wconf 79' lang='lat' dir='ltr'><strong>multa,</strong></span> <span class='ocrx_word' id='word_1_62' title='bbox 1333 655 1396 701; x_wconf 88' lang='grc' dir='ltr'><strong>ιιι</strong></span> <span class='ocrx_word' id='word_1_63' title='bbox 1414 649 1591 711; x_wconf 87' lang='lat' dir='ltr'><strong>solet,</strong></span> <span class='ocrx_word' id='word_1_64' title='bbox 1621 649 1826 703; x_wconf 79' lang='lat' dir='ltr'><strong>festive</strong></span> 
     </span>
     <span class='ocr_line' id='line_1_9' title="bbox 223 715 1828 783; baseline 0.003 -20"><span class='ocrx_word' id='word_1_65' title='bbox 223 728 451 764; x_wconf 76' lang='lat' dir='ltr'><strong>narrare</strong></span> <span class='ocrx_word' id='word_1_66' title='bbox 463 748 479 775; x_wconf 90' lang='lat'>,</span> <span class='ocrx_word' id='word_1_67' title='bbox 515 716 692 768; x_wconf 77' lang='lat' dir='ltr'><strong>multa</strong></span> <span class='ocrx_word' id='word_1_68' title='bbox 709 715 918 768; x_wconf 71' lang='lat' dir='ltr'><strong>urbane</strong></span> <span class='ocrx_word' id='word_1_69' title='bbox 939 716 1154 768; x_wconf 84' lang='lat' dir='ltr'><strong>dicere:</strong></span> <span class='ocrx_word' id='word_1_70' title='bbox 1193 730 1336 782; x_wconf 79' lang='lat' dir='ltr'><strong>quae</strong></span> <span class='ocrx_word' id='word_1_71' title='bbox 1358 717 1546 766; x_wconf 82' lang='lat' dir='ltr'><strong>omnia</strong></span> <span class='ocrx_word' id='word_1_72' title='bbox 1567 730 1695 783; x_wconf 82' lang='lat' dir='ltr'><strong>ego,</strong></span> <span class='ocrx_word' id='word_1_73' title='bbox 1715 730 1828 768; x_wconf 85' lang='lat' dir='ltr'><strong>nou</strong></span> 
     </span>
     <span class='ocr_line' id='line_1_10' title="bbox 223 778 1828 850; baseline 0.003 -21"><span class='ocrx_word' id='word_1_74' title='bbox 223 778 393 832; x_wconf 79' lang='lat' dir='ltr'><strong>facile</strong></span> <span class='ocrx_word' id='word_1_75' title='bbox 415 781 637 848; x_wconf 85' lang='lat' dir='ltr'><strong>quidem</strong></span> <span class='ocrx_word' id='word_1_76' title='bbox 651 818 667 845; x_wconf 87' lang='lat'><strong>,</strong></span> <span class='ocrx_word' id='word_1_77' title='bbox 699 783 802 834; x_wconf 86' lang='lat' dir='ltr'><strong>sed</strong></span> <span class='ocrx_word' id='word_1_78' title='bbox 818 789 1006 834; x_wconf 74' lang='lat' dir='ltr'><strong>tamen</strong></span> <span class='ocrx_word' id='word_1_79' title='bbox 1023 781 1162 834; x_wconf 85' lang='lat' dir='ltr'><strong>mihi</strong></span> <span class='ocrx_word' id='word_1_80' title='bbox 1179 782 1456 850; x_wconf 81' lang='lat' dir='ltr'><strong>imperans</strong></span> <span class='ocrx_word' id='word_1_81' title='bbox 1483 783 1712 836; x_wconf 84' lang='lat' dir='ltr'><strong>silentio</strong></span> <span class='ocrx_word' id='word_1_82' title='bbox 1734 797 1828 834; x_wconf 79' lang='lat' dir='ltr'><strong>au-</strong></span> 
     </span>
     <span class='ocr_line' id='line_1_11' title="bbox 226 845 1828 915; baseline 0.002 -19"><span class='ocrx_word' id='word_1_83' title='bbox 226 845 471 910; x_wconf 77' lang='lat' dir='ltr'><strong>diebam3</strong></span> <span class='ocrx_word' id='word_1_84' title='bbox 512 848 593 900; x_wconf 75' lang='lat' dir='ltr'><strong>ita</strong></span> <span class='ocrx_word' id='word_1_85' title='bbox 612 849 925 915; x_wconf 87' lang='lat' dir='ltr'><strong>composito</strong></span> <span class='ocrx_word' id='word_1_86' title='bbox 956 847 1030 900; x_wconf 74' lang='lat' dir='ltr'><strong>ad</strong></span> <span class='ocrx_word' id='word_1_87' title='bbox 1058 849 1419 901; x_wconf 80' lang='lat' dir='ltr'><strong>severitatem</strong></span> <span class='ocrx_word' id='word_1_88' title='bbox 1450 849 1637 913; x_wconf 81' lang='lat' dir='ltr'><strong>vultu,</strong></span> <span class='ocrx_word' id='word_1_89' title='bbox 1676 855 1739 901; x_wconf 89' lang='lat' dir='ltr'><strong>ut</strong></span> <span class='ocrx_word' id='word_1_90' title='bbox 1757 863 1828 899; x_wconf 87' lang='lat' dir='ltr'><strong>ne</strong></span> 
     </span>
     <span class='ocr_line' id='line_1_12' title="bbox 222 912 1828 982; baseline 0.002 -19"><span class='ocrx_word' id='word_1_91' title='bbox 222 912 367 964; x_wconf 83' lang='lat' dir='ltr'><strong>illud</strong></span> <span class='ocrx_word' id='word_1_92' title='bbox 404 913 627 980; x_wconf 85' lang='lat' dir='ltr'><strong>quidem</strong></span> <span class='ocrx_word' id='word_1_93' title='bbox 663 914 940 978; x_wconf 79' lang='lat' dir='ltr'><strong>facerem,</strong></span> <span class='ocrx_word' id='word_1_94' title='bbox 987 915 1138 982; x_wconf 87' lang='lat' dir='ltr'><strong>quod</strong></span> <span class='ocrx_word' id='word_1_95' title='bbox 1185 929 1353 966; x_wconf 78' lang='lat' dir='ltr'><strong>canes</strong></span> <span class='ocrx_word' id='word_1_96' title='bbox 1397 916 1576 967; x_wconf 73' lang='lat' dir='ltr'><strong>iratae</strong></span> <span class='ocrx_word' id='word_1_97' title='bbox 1623 916 1828 967; x_wconf 78' lang='lat' dir='ltr'><strong>solent.</strong></span> 
     </span>
     <span class='ocr_line' id='line_1_13' title="bbox 225 979 1829 1048; baseline 0.001 -18"><span class='ocrx_word' id='word_1_98' title='bbox 225 979 619 1041; x_wconf 86' lang='lat' dir='ltr'><strong>Discessurus,</strong></span> <span class='ocrx_word' id='word_1_99' title='bbox 641 980 926 1044; x_wconf 68' lang='lat' dir='ltr'><strong>Etiamne,</strong></span> <span class='ocrx_word' id='word_1_100' title='bbox 943 981 1152 1048; x_wconf 82' lang='lat' dir='ltr'><strong>inquit,</strong></span> <span class='ocrx_word' id='word_1_101' title='bbox 1178 980 1355 1032; x_wconf 72' lang='lat' dir='ltr'><strong>iratus</strong></span> <span class='ocrx_word' id='word_1_102' title='bbox 1374 982 1461 1032; x_wconf 64' lang='lat' dir='ltr'><strong>es!</strong></span> <span class='ocrx_word' id='word_1_103' title='bbox 1527 981 1728 1044; x_wconf 86' lang='lat' dir='ltr'><strong>Multo,</strong></span> <span class='ocrx_word' id='word_1_104' title='bbox 1747 983 1829 1032; x_wconf 86' lang='lat' dir='ltr'><strong>iu-</strong></span> 
     </span>
     <span class='ocr_line' id='line_1_14' title="bbox 226 1045 1827 1112; baseline -0.001 -14"><span class='ocrx_word' id='word_1_105' title='bbox 226 1060 417 1112; x_wconf 65' lang='lat' dir='ltr'><strong>quam,</strong></span> <span class='ocrx_word' id='word_1_106' title='bbox 454 1048 683 1110; x_wconf 77' lang='lat' dir='ltr'><strong>iratior,</strong></span> <span class='ocrx_word' id='word_1_107' title='bbox 759 1063 886 1100; x_wconf 72' lang='lat' dir='ltr'><strong>uam</strong></span> <span class='ocrx_word' id='word_1_108' title='bbox 910 1048 1081 1112; x_wconf 80' lang='lat' dir='ltr'><strong>prius.</strong></span> <span class='ocrx_word' id='word_1_109' title='bbox 1152 1045 1436 1097; x_wconf 76' lang='lat' dir='ltr'><strong>Postridie</strong></span> <span class='ocrx_word' id='word_1_110' title='bbox 1457 1047 1651 1098; x_wconf 82' lang='lat' dir='ltr'><strong>eadem</strong></span> <span class='ocrx_word' id='word_1_111' title='bbox 1672 1045 1827 1108; x_wconf 82' lang='lat' dir='ltr'><strong>hora,</strong></span> 
     </span>
     <span class='ocr_line' id='line_1_15' title="bbox 225 1064 1829 1190; baseline 0 -26"><span class='ocrx_word' id='word_1_112' title='bbox 225 1127 349 1164; x_wconf 87' lang='lat' dir='ltr'><strong>cum</strong></span> <span class='ocrx_word' id='word_1_113' title='bbox 393 1120 656 1179; x_wconf 79' lang='lat' dir='ltr'>tanquam</span> <span class='ocrx_word' id='word_1_114' title='bbox 687 1064 759 1165; x_wconf 53' lang='lat' dir='ltr'><strong>aa</strong></span> <span class='ocrx_word' id='word_1_115' title='bbox 802 1113 1166 1164; x_wconf 84' lang='lat' dir='ltr'><strong>constitutum</strong></span> <span class='ocrx_word' id='word_1_116' title='bbox 1203 1111 1480 1176; x_wconf 82' lang='lat' dir='ltr'><strong>venisset,</strong></span> <span class='ocrx_word' id='word_1_117' title='bbox 1538 1113 1829 1190; x_wconf 76' lang='lat' dir='ltr'><strong>quaerenti</strong></span> 
     </span>
     <span class='ocr_line' id='line_1_16' title="bbox 220 1175 1822 1243; baseline -0.001 -13"><span class='ocrx_word' id='word_1_118' title='bbox 220 1177 385 1230; x_wconf 82' lang='lat' dir='ltr'><strong>mihi=</strong></span> <span class='ocrx_word' id='word_1_119' title='bbox 457 1178 608 1238; x_wconf 75' lang='lat' dir='ltr'><strong>Quid</strong></span> <span class='ocrx_word' id='word_1_120' title='bbox 634 1183 696 1230; x_wconf 88' lang='lat' dir='ltr'><strong>tu</strong></span> <span class='ocrx_word' id='word_1_121' title='bbox 722 1177 828 1230; x_wconf 84' lang='lat' dir='ltr'><strong>huc</strong></span> <span class='ocrx_word' id='word_1_122' title='bbox 848 1179 1031 1231; x_wconf 84' lang='lat' dir='ltr'><strong>denuo</strong></span> <span class='ocrx_word' id='word_1_123' title='bbox 1060 1177 1385 1230; x_wconf 56' lang='lat' dir='ltr'><strong>invocatus}</strong></span> <span class='ocrx_word' id='word_1_124' title='bbox 1434 1175 1745 1243; x_wconf 72' lang='grc' dir='ltr'>Αὐτοματοι</span> <span class='ocrx_word' id='word_1_125' title='bbox 1770 1175 1822 1228; x_wconf 71' lang='grc' dir='ltr'><strong>δ’</strong></span> 
     </span>
     <span class='ocr_line' id='line_1_17' title="bbox 222 1242 1830 1312; baseline 0.002 -18"><span class='ocrx_word' id='word_1_126' title='bbox 222 1242 503 1311; x_wconf 53' lang='grc' dir='ltr'><strong>ἄγαθοίῤ)</strong></span> <span class='ocrx_word' id='word_1_127' title='bbox 524 1245 705 1311; x_wconf 87' lang='lat' dir='ltr'><strong>inquit</strong></span> <span class='ocrx_word' id='word_1_128' title='bbox 720 1246 838 1297; x_wconf 90' lang='lat' dir='ltr'><strong>ille.</strong></span> <span class='ocrx_word' id='word_1_129' title='bbox 908 1244 1091 1306; x_wconf 78' lang='lat' dir='ltr'><strong>Itane,</strong></span> <span class='ocrx_word' id='word_1_130' title='bbox 1118 1245 1370 1312; x_wconf 75' lang='lat' dir='ltr'><strong>inquam,</strong></span> <span class='ocrx_word' id='word_1_131' title='bbox 1392 1244 1558 1296; x_wconf 77' lang='lat' dir='ltr'><strong>salsis</strong></span> <span class='ocrx_word' id='word_1_132' title='bbox 1578 1246 1744 1298; x_wconf 85' lang='lat' dir='ltr'><strong>dictis</strong></span> <span class='ocrx_word' id='word_1_133' title='bbox 1773 1252 1830 1298; x_wconf 92' lang='lat' dir='ltr'><strong>et</strong></span> 
     </span>
     <span class='ocr_line' id='line_1_18' title="bbox 221 1309 1830 1380; baseline 0.001 -16"><span class='ocrx_word' id='word_1_134' title='bbox 221 1311 519 1364; x_wconf 79' lang='lat' dir='ltr'><strong>versiculis</strong></span> <span class='ocrx_word' id='word_1_135' title='bbox 551 1325 783 1362; x_wconf 79' lang='lat' dir='ltr'><strong>coenam</strong></span> <span class='ocrx_word' id='word_1_136' title='bbox 808 1317 867 1364; x_wconf 85' lang='lat' dir='ltr'><strong>te</strong></span> <span class='ocrx_word' id='word_1_137' title='bbox 905 1309 1157 1380; x_wconf 78' lang='lat' dir='ltr'><strong>quotidie</strong></span> <span class='ocrx_word' id='word_1_138' title='bbox 1186 1316 1475 1363; x_wconf 78' lang='lat' dir='ltr'><strong>nacturum</strong></span> <span class='ocrx_word' id='word_1_139' title='bbox 1500 1312 1694 1379; x_wconf 58' lang='lat' dir='ltr'><strong>putas}</strong></span> <span class='ocrx_word' id='word_1_140' title='bbox 1758 1313 1830 1366; x_wconf 74' lang='lat' dir='ltr'><strong>At</strong></span> 
     </span>
     <span class='ocr_line' id='line_1_19' title="bbox 224 1376 1825 1442; baseline 0.001 -12"><span class='ocrx_word' id='word_1_141' title='bbox 224 1393 255 1430; x_wconf 88' lang='lat' dir='ltr'><strong>e</strong></span> <span class='ocrx_word' id='word_1_142' title='bbox 299 1393 332 1429; x_wconf 94' lang='lat' dir='ltr'><strong>o</strong></span> <span class='ocrx_word' id='word_1_143' title='bbox 345 1415 362 1441; x_wconf 91' lang='lat'><strong><em>,</em></strong></span> <span class='ocrx_word' id='word_1_144' title='bbox 383 1393 453 1429; x_wconf 85' lang='lat' dir='ltr'><strong>ne</strong></span> <span class='ocrx_word' id='word_1_145' title='bbox 475 1392 629 1430; x_wconf 74' lang='lat' dir='ltr'><strong>eri-es</strong></span> <span class='ocrx_word' id='word_1_146' title='bbox 641 1414 657 1440; x_wconf 93' lang='lat'>‚</span> <span class='ocrx_word' id='word_1_147' title='bbox 681 1376 850 1430; x_wconf 86' lang='lat' dir='ltr'><strong>hodie</strong></span> <span class='ocrx_word' id='word_1_148' title='bbox 870 1393 981 1430; x_wconf 85' lang='lat' dir='ltr'><strong>non</strong></span> <span class='ocrx_word' id='word_1_149' title='bbox 1002 1393 1200 1431; x_wconf 82' lang='lat' dir='ltr'><strong>coeno.</strong></span> <span class='ocrx_word' id='word_1_150' title='bbox 1269 1377 1435 1431; x_wconf 79' lang='lat' dir='ltr'><strong>Recte</strong></span> <span class='ocrx_word' id='word_1_151' title='bbox 1450 1390 1605 1442; x_wconf 77' lang='lat' dir='ltr'><strong>sane,</strong></span> <span class='ocrx_word' id='word_1_152' title='bbox 1627 1380 1685 1432; x_wconf 85' lang='lat' dir='ltr'><strong>in</strong></span> <span class='ocrx_word' id='word_1_153' title='bbox 1726 1381 1825 1432; x_wconf 87' lang='lat' dir='ltr'><strong>uit.</strong></span> 
     </span>
     <span class='ocr_line' id='line_1_20' title="bbox 274 1443 1828 1524; baseline 0.001 -28"><span class='ocrx_word' id='word_1_154' title='bbox 274 1460 352 1524; x_wconf 68' lang='lat' dir='ltr'><strong>go</strong></span> <span class='ocrx_word' id='word_1_155' title='bbox 371 1443 568 1513; x_wconf 70' lang='lat' dir='ltr'><strong>igitur,</strong></span> <span class='ocrx_word' id='word_1_156' title='bbox 614 1453 667 1495; x_wconf 82' lang='lat' dir='ltr'><strong>te</strong></span> <span class='ocrx_word' id='word_1_157' title='bbox 692 1452 988 1524; x_wconf 70' lang='lat' dir='ltr'><strong>spectante,</strong></span> <span class='ocrx_word' id='word_1_158' title='bbox 1030 1445 1170 1496; x_wconf 78' lang='lat' dir='ltr'><strong>bona</strong></span> <span class='ocrx_word' id='word_1_159' title='bbox 1210 1453 1306 1496; x_wconf 77' lang='lat' dir='ltr'><strong>tua</strong></span> <span class='ocrx_word' id='word_1_160' title='bbox 1342 1447 1651 1498; x_wconf 80' lang='lat' dir='ltr'><strong>comedam..</strong></span> <span class='ocrx_word' id='word_1_161' title='bbox 1745 1446 1828 1498; x_wconf 77' lang='lat' dir='ltr'><strong>cio</strong></span> 
     </span>
     <span class='ocr_line' id='line_1_21' title="bbox 223 1509 1830 1580; baseline 0.001 -17"><span class='ocrx_word' id='word_1_162' title='bbox 223 1528 390 1575; x_wconf 77' lang='lat' dir='ltr'><strong>emm,</strong></span> <span class='ocrx_word' id='word_1_163' title='bbox 433 1511 562 1579; x_wconf 77' lang='lat' dir='ltr'><strong>quid</strong></span> <span class='ocrx_word' id='word_1_164' title='bbox 578 1509 679 1563; x_wconf 65' lang='lat' dir='ltr'><strong>tibi</strong></span> <span class='ocrx_word' id='word_1_165' title='bbox 694 1529 753 1565; x_wconf 81' lang='lat' dir='ltr'><strong>m</strong></span> <span class='ocrx_word' id='word_1_166' title='bbox 771 1527 992 1567; x_wconf 78' lang='lat' dir='ltr'><strong>coenam</strong></span> <span class='ocrx_word' id='word_1_167' title='bbox 1004 1521 1267 1580; x_wconf 77' lang='lat' dir='ltr'><strong>paratum</strong></span> <span class='ocrx_word' id='word_1_168' title='bbox 1285 1512 1373 1563; x_wconf 72' lang='lat' dir='ltr'><strong>sit.</strong></span> <span class='ocrx_word' id='word_1_169' title='bbox 1443 1514 1616 1565; x_wconf 80' lang='lat' dir='ltr'>Forte</span> <span class='ocrx_word' id='word_1_170' title='bbox 1645 1520 1830 1565; x_wconf 82' lang='lat' dir='ltr'><strong>autem</strong></span> 
     </span>
     <span class='ocr_line' id='line_1_22' title="bbox 224 1578 1829 1647; baseline -0.001 -17"><span class='ocrx_word' id='word_1_171' title='bbox 224 1592 293 1630; x_wconf 91' lang='lat' dir='ltr'><strong>eo</strong></span> <span class='ocrx_word' id='word_1_172' title='bbox 315 1578 405 1633; x_wconf 84' lang='lat' dir='ltr'><strong>die</strong></span> <span class='ocrx_word' id='word_1_173' title='bbox 425 1580 635 1631; x_wconf 77' lang='lat' dir='ltr'><strong>amicus</strong></span> <span class='ocrx_word' id='word_1_174' title='bbox 656 1578 878 1647; x_wconf 79' lang='lat' dir='ltr'><strong>quidam</strong></span> <span class='ocrx_word' id='word_1_175' title='bbox 905 1579 979 1631; x_wconf 78' lang='lat' dir='ltr'><strong>ad</strong></span> <span class='ocrx_word' id='word_1_176' title='bbox 1005 1594 1093 1630; x_wconf 88' lang='lat' dir='ltr'><strong>me</strong></span> <span class='ocrx_word' id='word_1_177' title='bbox 1125 1580 1326 1631; x_wconf 84' lang='lat' dir='ltr'><strong>turdos</strong></span> <span class='ocrx_word' id='word_1_178' title='bbox 1361 1585 1417 1629; x_wconf 87' lang='lat' dir='ltr'><strong>et</strong></span> <span class='ocrx_word' id='word_1_179' title='bbox 1437 1580 1705 1631; x_wconf 80' lang='lat' dir='ltr'><strong>ficedulas</strong></span> <span class='ocrx_word' id='word_1_180' title='bbox 1729 1580 1829 1629; x_wconf 76' lang='lat' dir='ltr'><strong>ali·</strong></span> 
     </span>
     <span class='ocr_line' id='line_1_23' title="bbox 225 1646 1829 1713; baseline -0.001 -16"><span class='ocrx_word' id='word_1_181' title='bbox 225 1650 363 1713; x_wconf 89' lang='lat' dir='ltr'><strong>quot</strong></span> <span class='ocrx_word' id='word_1_182' title='bbox 387 1646 633 1697; x_wconf 80' lang='lat' dir='ltr'><strong>miserat.</strong></span> <span class='ocrx_word' id='word_1_183' title='bbox 709 1646 955 1707; x_wconf 76' lang='lat' dir='ltr'><strong>Quarum</strong></span> <span class='ocrx_word' id='word_1_184' title='bbox 986 1661 1109 1696; x_wconf 89' lang='lat' dir='ltr'><strong>cum</strong></span> <span class='ocrx_word' id='word_1_185' title='bbox 1137 1651 1353 1712; x_wconf 77' lang='lat' dir='ltr'><strong>partem</strong></span> <span class='ocrx_word' id='word_1_186' title='bbox 1385 1646 1576 1712; x_wconf 85' lang='lat' dir='ltr'><strong>coqui,</strong></span> <span class='ocrx_word' id='word_1_187' title='bbox 1615 1651 1829 1711; x_wconf 78' lang='lat' dir='ltr'><strong>partem</strong></span> 
     </span>
     <span class='ocr_line' id='line_1_24' title="bbox 220 1711 1828 1776; baseline -0.001 -13"><span class='ocrx_word' id='word_1_188' title='bbox 220 1714 281 1763; x_wconf 86' lang='lat' dir='ltr'><strong>iu</strong></span> <span class='ocrx_word' id='word_1_189' title='bbox 300 1714 601 1763; x_wconf 78' lang='lat' dir='ltr'><strong>crastinum</strong></span> <span class='ocrx_word' id='word_1_190' title='bbox 620 1714 834 1763; x_wconf 79' lang='lat' dir='ltr'><strong>servari</strong></span> <span class='ocrx_word' id='word_1_191' title='bbox 854 1712 1082 1763; x_wconf 72' lang='lat' dir='ltr'><strong>vellemz</strong></span> <span class='ocrx_word' id='word_1_192' title='bbox 1158 1711 1467 1761; x_wconf 71' lang='lat' dir='ltr'><strong>ructet-iens</strong></span> <span class='ocrx_word' id='word_1_193' title='bbox 1494 1713 1616 1776; x_wconf 88' lang='lat' dir='ltr'><strong>ipse</strong></span> <span class='ocrx_word' id='word_1_194' title='bbox 1645 1726 1712 1763; x_wconf 92' lang='lat' dir='ltr'><strong>co</strong></span> <span class='ocrx_word' id='word_1_195' title='bbox 1753 1726 1828 1761; x_wconf 90' lang='lat' dir='ltr'><strong>uo</strong></span> 
     </span>
     <span class='ocr_line' id='line_1_25' title="bbox 222 1776 1827 1847; baseline 0 -18"><span class='ocrx_word' id='word_1_196' title='bbox 222 1792 376 1839; x_wconf 88' lang='lat' dir='ltr'><strong>meo,</strong></span> <span class='ocrx_word' id='word_1_197' title='bbox 416 1776 627 1830; x_wconf 86' lang='lat' dir='ltr'><strong>homiui</strong></span> <span class='ocrx_word' id='word_1_198' title='bbox 648 1779 891 1847; x_wconf 82' lang='lat' dir='ltr'><strong>simplici</strong></span> <span class='ocrx_word' id='word_1_199' title='bbox 909 1793 976 1829; x_wconf 79' lang='lat' dir='ltr'><strong>ac</strong></span> <span class='ocrx_word' id='word_1_200' title='bbox 997 1791 1090 1828; x_wconf 85' lang='lat' dir='ltr'><strong>cre</strong></span> <span class='ocrx_word' id='word_1_201' title='bbox 1135 1777 1257 1839; x_wconf 88' lang='lat' dir='ltr'><strong>ulo,</strong></span> <span class='ocrx_word' id='word_1_202' title='bbox 1295 1777 1440 1843; x_wconf 80' lang='lat' dir='ltr'><strong>apud</strong></span> <span class='ocrx_word' id='word_1_203' title='bbox 1473 1791 1636 1842; x_wconf 85' lang='lat' dir='ltr'><strong>quem</strong></span> <span class='ocrx_word' id='word_1_204' title='bbox 1665 1793 1734 1829; x_wconf 81' lang='lat' dir='ltr'><strong>va</strong></span> <span class='ocrx_word' id='word_1_205' title='bbox 1758 1777 1827 1829; x_wconf 88' lang='lat' dir='ltr'><strong>de</strong></span> 
     </span>
     <span class='ocr_line' id='line_1_26' title="bbox 223 1844 1828 1912; baseline 0.001 -17"><span class='ocrx_word' id='word_1_206' title='bbox 223 1845 506 1912; x_wconf 80' lang='lat' dir='ltr'><strong>gratiosus</strong></span> <span class='ocrx_word' id='word_1_207' title='bbox 527 1852 631 1907; x_wconf 88' lang='lat' dir='ltr'><strong>est,</strong></span> <span class='ocrx_word' id='word_1_208' title='bbox 652 1850 1027 1912; x_wconf 75' lang='lat' dir='ltr'>persuaserat,</span> <span class='ocrx_word' id='word_1_209' title='bbox 1049 1849 1113 1895; x_wconf 90' lang='lat' dir='ltr'><strong>ut</strong></span> <span class='ocrx_word' id='word_1_210' title='bbox 1134 1857 1327 1895; x_wconf 86' lang='lat' dir='ltr'><strong>omnes</strong></span> <span class='ocrx_word' id='word_1_211' title='bbox 1355 1852 1648 1908; x_wconf 81' lang='lat' dir='ltr'><strong>coqueret3</strong></span> <span class='ocrx_word' id='word_1_212' title='bbox 1690 1844 1828 1896; x_wconf 76' lang='lat' dir='ltr'><strong>alio-</strong></span> 
     </span>
     <span class='ocr_line' id='line_1_27' title="bbox 221 1909 1826 1978; baseline 0.002 -16"><span class='ocrx_word' id='word_1_213' title='bbox 221 1912 316 1978; x_wconf 86' lang='lat' dir='ltr'><strong>qui</strong></span> <span class='ocrx_word' id='word_1_214' title='bbox 336 1912 483 1973; x_wconf 83' lang='lat' dir='ltr'><strong>enim</strong></span> <span class='ocrx_word' id='word_1_215' title='bbox 513 1911 667 1974; x_wconf 80' lang='lat' dir='ltr'><strong>fore,</strong></span> <span class='ocrx_word' id='word_1_216' title='bbox 706 1917 767 1963; x_wconf 90' lang='grc' dir='ltr'><strong>ιιι</strong></span> <span class='ocrx_word' id='word_1_217' title='bbox 791 1916 1296 1977; x_wconf 77' lang='lat' dir='ltr'><strong>corrumperentur.</strong></span> <span class='ocrx_word' id='word_1_218' title='bbox 1366 1909 1454 1960; x_wconf 78' lang='lat' dir='ltr'><strong>lta.</strong></span> <span class='ocrx_word' id='word_1_219' title='bbox 1481 1910 1616 1961; x_wconf 85' lang='lat' dir='ltr'><strong>mihi</strong></span> <span class='ocrx_word' id='word_1_220' title='bbox 1643 1910 1826 1965; x_wconf 85' lang='lat' dir='ltr'><strong>denuo</strong></span> 
     </span>
     <span class='ocr_line' id='line_1_28' title="bbox 221 1976 1828 2046; baseline 0.002 -18"><span class='ocrx_word' id='word_1_221' title='bbox 221 1976 426 2046; x_wconf 83' lang='lat' dir='ltr'><strong>hospes</strong></span> <span class='ocrx_word' id='word_1_222' title='bbox 448 1978 735 2030; x_wconf 83' lang='lat' dir='ltr'><strong>habendus</strong></span> <span class='ocrx_word' id='word_1_223' title='bbox 757 1977 865 2029; x_wconf 80' lang='lat' dir='ltr'><strong>fuit</strong></span> <span class='ocrx_word' id='word_1_224' title='bbox 883 1992 997 2029; x_wconf 81' lang='lat' dir='ltr'><strong>non</strong></span> <span class='ocrx_word' id='word_1_225' title='bbox 1017 1977 1178 2029; x_wconf 86' lang='lat' dir='ltr'><strong>multi</strong></span> <span class='ocrx_word' id='word_1_226' title='bbox 1189 1978 1542 2040; x_wconf 78' lang='lat' dir='ltr'><strong>tantumioci,</strong></span> <span class='ocrx_word' id='word_1_227' title='bbox 1557 1980 1657 2030; x_wconf 86' lang='lat' dir='ltr'><strong>sed</strong></span> <span class='ocrx_word' id='word_1_228' title='bbox 1666 1979 1828 2031; x_wconf 88' lang='lat' dir='ltr'><strong>multi</strong></span> 
     </span>
     <span class='ocr_line' id='line_1_29' title="bbox 220 2044 1826 2108; baseline 0.001 -13"><span class='ocrx_word' id='word_1_229' title='bbox 220 2045 389 2097; x_wconf 81' lang='lat' dir='ltr'><strong>etiam</strong></span> <span class='ocrx_word' id='word_1_230' title='bbox 410 2044 541 2096; x_wconf 84' lang='lat' dir='ltr'><strong>cibi.</strong></span> <span class='ocrx_word' id='word_1_231' title='bbox 606 2044 721 2097; x_wconf 82' lang='lat' dir='ltr'><strong>Ubi</strong></span> <span class='ocrx_word' id='word_1_232' title='bbox 746 2044 1057 2097; x_wconf 78' lang='lat' dir='ltr'><strong>assedimus</strong></span> <span class='ocrx_word' id='word_1_233' title='bbox 1070 2081 1087 2107; x_wconf 91' lang='lat'>,</span> <span class='ocrx_word' id='word_1_234' title='bbox 1105 2052 1220 2097; x_wconf 77' lang='lat' dir='ltr'><strong>tum</strong></span> <span class='ocrx_word' id='word_1_235' title='bbox 1241 2044 1417 2096; x_wconf 81' lang='lat' dir='ltr'><strong>multa</strong></span> <span class='ocrx_word' id='word_1_236' title='bbox 1433 2044 1604 2108; x_wconf 83' lang='lat' dir='ltr'><strong>dixit,</strong></span> <span class='ocrx_word' id='word_1_237' title='bbox 1633 2054 1696 2098; x_wconf 87' lang='grc' dir='ltr'><strong>ιιι</strong></span> <span class='ocrx_word' id='word_1_238' title='bbox 1713 2060 1826 2097; x_wconf 83' lang='lat' dir='ltr'><strong>non</strong></span> 
     </span>
     <span class='ocr_line' id='line_1_30' title="bbox 220 2110 1828 2175; baseline 0 -12"><span class='ocrx_word' id='word_1_239' title='bbox 220 2112 427 2163; x_wconf 86' lang='lat' dir='ltr'><strong>ceteris</strong></span> <span class='ocrx_word' id='word_1_240' title='bbox 447 2118 659 2162; x_wconf 78' lang='lat' dir='ltr'><strong>tantum</strong></span> <span class='ocrx_word' id='word_1_241' title='bbox 690 2112 1015 2163; x_wconf 82' lang='lat' dir='ltr'><strong>domesticis</strong></span> <span class='ocrx_word' id='word_1_242' title='bbox 1052 2112 1172 2162; x_wconf 86' lang='lat' dir='ltr'><strong>risu</strong></span> <span class='ocrx_word' id='word_1_243' title='bbox 1193 2110 1294 2162; x_wconf 81' lang='lat' dir='ltr'><strong>ilia</strong></span> <span class='ocrx_word' id='word_1_244' title='bbox 1323 2110 1686 2175; x_wconf 81' lang='lat' dir='ltr'><strong>distenderit,</strong></span> <span class='ocrx_word' id='word_1_245' title='bbox 1723 2112 1828 2163; x_wconf 82' lang='lat' dir='ltr'><strong>sed</strong></span> 
     </span>
     <span class='ocr_line' id='line_1_31' title="bbox 217 2176 1824 2245; baseline 0 -17"><span class='ocrx_word' id='word_1_246' title='bbox 217 2185 504 2244; x_wconf 84' lang='lat' dir='ltr'><strong>postremo</strong></span> <span class='ocrx_word' id='word_1_247' title='bbox 525 2176 662 2229; x_wconf 86' lang='lat' dir='ltr'><strong>mihi</strong></span> <span class='ocrx_word' id='word_1_248' title='bbox 681 2179 851 2229; x_wconf 81' lang='lat' dir='ltr'><strong>etiam</strong></span> <span class='ocrx_word' id='word_1_249' title='bbox 867 2178 1005 2245; x_wconf 86' lang='lat' dir='ltr'><strong>ipsi,</strong></span> <span class='ocrx_word' id='word_1_250' title='bbox 1027 2178 1124 2245; x_wconf 87' lang='lat' dir='ltr'><strong>qui</strong></span> <span class='ocrx_word' id='word_1_251' title='bbox 1141 2178 1430 2229; x_wconf 76' lang='lat' dir='ltr'><strong>tristitiam</strong></span> <span class='ocrx_word' id='word_1_252' title='bbox 1451 2178 1712 2230; x_wconf 81' lang='lat' dir='ltr'><strong>simulare</strong></span> <span class='ocrx_word' id='word_1_253' title='bbox 1733 2192 1824 2228; x_wconf 92' lang='lat' dir='ltr'><strong>cu-</strong></span> 
     </span>
     <span class='ocr_line' id='line_1_32' title="bbox 217 2243 1825 2312; baseline -0.001 -18"><span class='ocrx_word' id='word_1_254' title='bbox 217 2244 463 2312; x_wconf 79' lang='lat' dir='ltr'><strong>piebam,</strong></span> <span class='ocrx_word' id='word_1_255' title='bbox 504 2245 677 2296; x_wconf 87' lang='lat' dir='ltr'><strong>risum</strong></span> <span class='ocrx_word' id='word_1_256' title='bbox 713 2245 1049 2297; x_wconf 81' lang='lat' dir='ltr'><strong>invitissimo</strong></span> <span class='ocrx_word' id='word_1_257' title='bbox 1090 2246 1420 2297; x_wconf 81' lang='lat' dir='ltr'><strong>excusserit.</strong></span> <span class='ocrx_word' id='word_1_258' title='bbox 1491 2244 1682 2295; x_wconf 82' lang='lat' dir='ltr'><strong>Facile</strong></span> <span class='ocrx_word' id='word_1_259' title='bbox 1712 2243 1825 2293; x_wconf 81' lang='lat' dir='ltr'><strong>iam</strong></span> 
     </span>
     <span class='ocr_line' id='line_1_33' title="bbox 217 2308 1824 2378; baseline -0.001 -16"><span class='ocrx_word' id='word_1_260' title='bbox 217 2312 539 2378; x_wconf 75' lang='lat' dir='ltr'><strong>perspicere</strong></span> <span class='ocrx_word' id='word_1_261' title='bbox 558 2318 799 2378; x_wconf 82' lang='lat' dir='ltr'><strong>poterat,</strong></span> <span class='ocrx_word' id='word_1_262' title='bbox 809 2313 949 2363; x_wconf 80' lang='lat' dir='ltr'><strong>iram</strong></span> <span class='ocrx_word' id='word_1_263' title='bbox 970 2312 1034 2363; x_wconf 86' lang='lat' dir='ltr'><strong>in.</strong></span> <span class='ocrx_word' id='word_1_264' title='bbox 1048 2324 1111 2362; x_wconf 87' lang='lat' dir='ltr'><strong>se</strong></span> <span class='ocrx_word' id='word_1_265' title='bbox 1130 2326 1310 2363; x_wconf 79' lang='lat' dir='ltr'><strong>meam</strong></span> <span class='ocrx_word' id='word_1_266' title='bbox 1318 2310 1627 2361; x_wconf 81' lang='lat' dir='ltr'><strong>autnullam</strong></span> <span class='ocrx_word' id='word_1_267' title='bbox 1647 2308 1824 2361; x_wconf 79' lang='lat' dir='ltr'><strong>fuisse</strong></span> 
     </span>
     <span class='ocr_line' id='line_1_34' title="bbox 217 2374 1824 2495; baseline -0.002 -66"><span class='ocrx_word' id='word_1_268' title='bbox 217 2379 414 2438; x_wconf 81' lang='lat' dir='ltr'><strong>(etita</strong></span> <span class='ocrx_word' id='word_1_269' title='bbox 434 2382 587 2443; x_wconf 82' lang='lat' dir='ltr'><strong>erat)</strong></span> <span class='ocrx_word' id='word_1_270' title='bbox 607 2384 705 2429; x_wconf 80' lang='lat' dir='ltr'><strong>aut</strong></span> <span class='ocrx_word' id='word_1_271' title='bbox 725 2379 888 2447; x_wconf 83' lang='lat' dir='ltr'><strong>plane</strong></span> <span class='ocrx_word' id='word_1_272' title='bbox 909 2378 1225 2495; x_wconf 50' lang='lat' dir='ltr'><strong>depositam</strong></span> <span class='ocrx_word' id='word_1_273' title='bbox 1247 2391 1402 2428; x_wconf 83' lang='lat' dir='ltr'><strong>esse:</strong></span> <span class='ocrx_word' id='word_1_274' title='bbox 1443 2375 1542 2425; x_wconf 74' lang='lat' dir='ltr'><strong>sed</strong></span> <span class='ocrx_word' id='word_1_275' title='bbox 1565 2390 1631 2426; x_wconf 85' lang='lat' dir='ltr'><strong>ex</strong></span> <span class='ocrx_word' id='word_1_276' title='bbox 1674 2374 1824 2427; x_wconf 82' lang='lat' dir='ltr'><strong>edie-</strong></span> 
     </span>
     <span class='ocr_line' id='line_1_35' title="bbox 216 2441 1825 2511; baseline -0.002 -16"><span class='ocrx_word' id='word_1_277' title='bbox 216 2443 314 2495; x_wconf 78' lang='lat' dir='ltr'><strong>bat</strong></span> <span class='ocrx_word' id='word_1_278' title='bbox 333 2442 563 2508; x_wconf 86' lang='lat' dir='ltr'><strong>homini,</strong></span> <span class='ocrx_word' id='word_1_279' title='bbox 583 2450 777 2511; x_wconf 79' lang='lat' dir='ltr'><strong>putare</strong></span> <span class='ocrx_word' id='word_1_280' title='bbox 798 2460 887 2497; x_wconf 89' lang='lat' dir='ltr'><strong>me</strong></span> <span class='ocrx_word' id='word_1_281' title='bbox 908 2445 979 2496; x_wconf 79' lang='lat' dir='ltr'><strong>ad</strong></span> <span class='ocrx_word' id='word_1_282' title='bbox 1020 2460 1090 2497; x_wconf 90' lang='lat' dir='ltr'><strong>uc</strong></span> <span class='ocrx_word' id='word_1_283' title='bbox 1110 2445 1313 2495; x_wconf 79' lang='lat' dir='ltr'><strong>iratum</strong></span> <span class='ocrx_word' id='word_1_284' title='bbox 1331 2441 1458 2493; x_wconf 88' lang='lat' dir='ltr'><strong>sibi.</strong></span> <span class='ocrx_word' id='word_1_285' title='bbox 1530 2442 1610 2491; x_wconf 83' lang='lat' dir='ltr'><strong>Re</strong></span> <span class='ocrx_word' id='word_1_286' title='bbox 1656 2442 1698 2491; x_wconf 84' lang='lat' dir='ltr'><strong>&#39;t</strong></span> <span class='ocrx_word' id='word_1_287' title='bbox 1715 2448 1825 2492; x_wconf 85' lang='lat' dir='ltr'><strong>ter·</strong></span> 
     </span>
     <span class='ocr_line' id='line_1_36' title="bbox 178 2504 1824 2578; baseline -0.002 -18"><span class='ocrx_word' id='word_1_288' title='bbox 178 2534 187 2545; x_wconf 73' lang='lat'>=</span> <span class='ocrx_word' id='word_1_289' title='bbox 216 2511 326 2562; x_wconf 86' lang='lat' dir='ltr'><strong>tio:</strong></span> <span class='ocrx_word' id='word_1_290' title='bbox 368 2517 425 2563; x_wconf 87' lang='lat' dir='ltr'><strong>et</strong></span> <span class='ocrx_word' id='word_1_291' title='bbox 446 2511 758 2578; x_wconf 83' lang='lat' dir='ltr'><strong>quaerenti,</strong></span> <span class='ocrx_word' id='word_1_292' title='bbox 802 2510 935 2578; x_wconf 86' lang='lat' dir='ltr'><strong>quid</strong></span> <span class='ocrx_word' id='word_1_293' title='bbox 962 2508 1068 2563; x_wconf 86' lang='lat' dir='ltr'><strong>hoc</strong></span> <span class='ocrx_word' id='word_1_294' title='bbox 1089 2508 1306 2577; x_wconf 84' lang='lat' dir='ltr'><strong>negotii</strong></span> <span class='ocrx_word' id='word_1_295' title='bbox 1327 2512 1506 2569; x_wconf 85' lang='lat' dir='ltr'><strong>esset,</strong></span> <span class='ocrx_word' id='word_1_296' title='bbox 1547 2504 1709 2571; x_wconf 80' lang='lat' dir='ltr'><strong>Volo,</strong></span> <span class='ocrx_word' id='word_1_297' title='bbox 1743 2509 1824 2557; x_wconf 86' lang='lat' dir='ltr'><strong>in-</strong></span> 
     </span>
     <span class='ocr_line' id='line_1_37' title="bbox 163 2575 1091 2645; baseline -0.002 -16"><span class='ocrx_word' id='word_1_298' title='bbox 163 2636 172 2644; x_wconf 44' lang='lat'><strong>·</strong></span> <span class='ocrx_word' id='word_1_299' title='bbox 219 2578 357 2644; x_wconf 86' lang='lat' dir='ltr'><strong>quit,</strong></span> <span class='ocrx_word' id='word_1_300' title='bbox 369 2593 569 2645; x_wconf 80' lang='lat' dir='ltr'><strong>parere</strong></span> <span class='ocrx_word' id='word_1_301' title='bbox 588 2577 755 2632; x_wconf 68' lang='lat' dir='ltr'><strong>veteri</strong></span> <span class='ocrx_word' id='word_1_302' title='bbox 771 2575 1091 2628; x_wconf 73' lang='lat' dir='ltr'><strong>sententiae.-</strong></span> 
     </span>
     <span class='ocr_line' id='line_1_38' title="bbox 272 2654 894 2712; baseline -0.005 -11"><span class='ocrx_word' id='word_1_303' title='bbox 272 2656 315 2712; x_wconf 81' lang='lat'><strong>¹)</strong></span> <span class='ocrx_word' id='word_1_304' title='bbox 344 2656 470 2701; x_wconf 71' lang='lat' dir='ltr'><strong>Pht.</strong></span> <span class='ocrx_word' id='word_1_305' title='bbox 490 2654 647 2712; x_wconf 78' lang='lat' dir='ltr'><strong>Symp.</strong></span> <span class='ocrx_word' id='word_1_306' title='bbox 669 2668 706 2699; x_wconf 89' lang='lat' dir='ltr'><strong>c.</strong></span> <span class='ocrx_word' id='word_1_307' title='bbox 728 2659 769 2698; x_wconf 87' lang='lat'><strong>2.</strong></span> <span class='ocrx_word' id='word_1_308' title='bbox 790 2654 833 2709; x_wconf 70' lang='grc' dir='ltr'><strong>ξ.</strong></span> <span class='ocrx_word' id='word_1_309' title='bbox 852 2658 894 2698; x_wconf 77' lang='grc'><strong>5.</strong></span> 
     </span>
    </p>
   </div>
  </div>
 </body>
</html>
