2275 3025
386 130 454 183 oo
913 135 990 187 M.
1025 136 1086 187 A.
1121 135 1441 203 munem

387 234 548 288 nimis
579 234 722 285 bene
769 234 836 285 de
874 251 962 289 me
1004 238 1358 290 sentientium
1396 252 1505 289 non
1546 234 1968 287 cohortationes

386 301 551 352 modo
569 338 585 365 ,
616 304 712 353 sed
734 317 926 368 preces
947 307 1202 357 assiduae
1224 310 1541 373 coegerunt.
1610 303 1671 353 In
1704 303 1970 369 eo'igitur

387 382 536 419 eram
573 376 895 436 occupatus,
939 388 1062 423 cum
1093 374 1281 439 accepi
1302 374 1513 425 litteras
1540 377 1687 421 tuas:
1727 376 1784 421 et
1804 370 1971 421 simul

392 436 659 503 cogitavi,
701 439 750 488 si
770 437 955 503 paullo
976 440 1154 490 serius
1174 441 1593 506 responderem,
1628 438 1809 488 damni
1830 435 1969 487 nihil

389 503 448 553 in
487 518 643 555 mora
677 503 817 555 fore.
887 504 972 555 De
1012 506 1139 557 loco
1171 506 1269 557 illo
1306 506 1587 556 Ciceronis
1618 519 1725 555 non
1755 508 1886 569 puto
1910 510 1967 555 te

393 570 668 632 dubitare,
707 572 836 637 quin
873 573 1149 624 sententia
1181 578 1277 630 tua
1305 588 1437 621 vera
1464 572 1553 623 sit.
1624 570 1761 623 Nam
1796 570 1971 623 velid

390 639 596 705 ipsum,
636 638 783 704 quod
815 639 896 689 ais
931 638 1100 688 videri
1125 653 1289 704 posse
1314 640 1565 705 obstare,
1602 639 1778 705 magis
1799 638 1969 689 etiam

394 719 532 766 eam,
553 705 604 755 si
625 710 880 755 accurate
897 705 1187 770 inspicias,
1210 706 1511 757 confirmat.
1586 704 1643 756 Si
1666 704 1795 773 quid
1816 706 1970 757 aliud

395 771 523 832 erit,
561 770 629 820 de
667 785 775 837 quo„
817 775 1147 823 sententiam
1181 787 1357 823 meam
1388 784 1727 839 cognoscere
1758 772 1967 839 cupias,

394 836 649 899 scribito3
687 853 796 889 non
825 840 1189 901 committam,
1220 846 1281 891 ut
1312 839 1603 906 quidquam
1624 854 1657 889 a
1676 854 1788 903 me,
1820 840 1967 905 quod

395 918 499 971 ego
530 903 750 971 quidem
782 912 1061 971 praestare
1086 908 1322 972 possim,
1358 906 1564 956 frustra
1586 911 1760 971 petas.
1830 907 1965 960 Amo

393 970 539 1023 entim
576 976 632 1021 te
672 971 1057 1036 vehementer,
1092 974 1391 1040 tum'quod
1431 973 1615 1023 multis
1655 972 1966 1023 nominibus

393 1038 449 1089 di
489 1039 746 1089 nissimus
768 1055 828 1091 es
849 1042 942 1107 qui
962 1042 1180 1103 ameris,
1203 1048 1316 1091 tum
1336 1041 1483 1108 quod
1503 1041 1581 1089 ita
1604 1054 1691 1089 me
1712 1054 1885 1101 amas,
1908 1047 1970 1090 ut

391 1107 445 1155 in
489 1107 800 1158 umanitatis
824 1114 1006 1158 notam
1030 1108 1277 1175 effugere
1299 1124 1406 1157 non
1428 1107 1771 1172 possim‚nisi
1788 1106 1887 1157 tibi
1910 1107 1968 1157 in

392 1188 578 1223 amore
593 1175 970 1239 respondeam.
1005 1175 1397 1227 Vale.Romae.
1422 1173 1721 1225 Prid.1dib.
1745 1173 1969 1239 Aprilis,

395 1238 486 1289 die
503 1240 626 1305 ipso
650 1240 819 1291 natali
837 1256 980 1304 men,
1039 1257 1161 1293 uem
1186 1249 1246 1292 tu
1264 1239 1398 1292 mihi
1417 1240 1655 1292 faustum
1672 1255 1738 1290 ac
1748 1240 1969 1291 felicem

393 1320 670 1373 praecare.
714 1322 935 1359 mnnxx.
1049 1310 1199 1359 aluta
1234 1306 1367 1359 mihi
1407 1307 1723 1359 Gisbertum
1760 1323 1967 1357 meum:

395 1372 499 1422 etsi
531 1374 584 1425 ei
603 1372 878 1435 subiratus
901 1390 1044 1436 sum,
1083 1376 1231 1441 quod
1254 1374 1507 1441 quiddam
1531 1390 1564 1424 a
1582 1390 1668 1441 me
1686 1375 1789 1425 sibi
1811 1376 1866 1425 in
1887 1389 1971 1423 ar-

399 1439 550 1489 canis
601 1440 948 1493 commissum
997 1442 1279 1492 continere
1323 1457 1433 1491 non
1470 1442 1669 1506 potuit.
1738 1440 1973 1493 Veniam

396 1507 558 1570 istuc,
579 1512 637 1557 ut
659 1521 842 1575 spero,
865 1498 1052 1560 mense
1072 1509 1221 1560 Maio
1244 1509 1523 1576 proximo,
1547 1516 1605 1560 et
1618 1523 1878 1576 praesens
1901 1498 1993 1558 ab*

398 1589 464 1625 eo
523 1590 729 1642 poenas
779 1590 1082 1642 reposcam.
1155 1577 1261 1637 Qui
1300 1577 1443 1626 enim
1480 1583 1693 1628 tantum
1729 1576 1971 1626 triduum

397 1641 545 1692 domi
567 1643 737 1710 ipsius
759 1659 882 1694 esse
903 1644 1271 1706 decreveram,
1311 1644 1612 1694 ulciscendi
1634 1657 1803 1694 causa
1818 1649 1973 1694 totos

396 1725 496 1761 sex
533 1711 652 1761 dies
687 1712 938 1766 manebo.
1007 1712 1087 1763 Ad
1117 1727 1239 1763 eum
1266 1710 1508 1762 scribere
1538 1725 1679 1770 nunc
1704 1724 1814 1761 non
1840 1709 1977 1760 licet

395 1791 493 1842 per
516 1779 931 1843 occupationes:
969 1781 1286 1848 propediem
1308 1778 1560 1829 scribam.

694 2074 944 2128 XXXV.
983 2087 1209 2128 mnam
1247 2091 1669 2130 cumane-ro:

462 2145 706 2230 Nemini
746 2186 842 2229 aut
875 2178 1181 2228 mirabilius
1214 2184 1300 2228 est
1330 2185 1425 2230 aut
1460 2180 1779 2242 molestiuS,
1810 2171 1970 2246 quam

398 2245 555 2309 mihi,
582 2253 694 2298 tam
723 2247 816 2299 diu
843 2244 1054 2296 differri
1075 2245 1365 2296 adventum
1381 2245 1449 2296 ad
1472 2262 1567 2296 vos
1592 2261 1787 2298 meum.
1859 2245 1972 2297 Sed

401 2315 586 2364 nescio
619 2329 726 2381 quo
757 2312 920 2363 modo
955 2320 1040 2363 ter
1059 2313 1172 2372 iam,
1188 2313 1335 2365 conti
1378 2312 1447 2375 it,
1488 2320 1571 2376 ut,
1612 2330 1730 2366 cum
1750 2316 1805 2365 in
1829 2314 1972 2363 viam

397 2379 529 2431 dare
548 2396 633 2432 me
657 2380 882 2445 vellem,
901 2381 1116 2445 iamque
1139 2380 1356 2431 sarcinu
1380 2389 1439 2432 as
1460 2395 1862 2447 componerem,
1884 2389 1973 2430 su-

397 2447 516 2498 bito
529 2449 806 2499 exstiterit
817 2447 1023 2514 aliquid
1036 2447 1317 2513 improvisi
1340 2448 1778 2514 atqueinopinati
1804 2449 1972 2512 impe-

399 2516 644 2566 dimenti.
713 2514 903 2580 ltaque
935 2513 1071 2565 nihil
1098 2514 1329 2578 amplius
1358 2529 1424 2568 ea
1446 2515 1513 2564 de
1534 2528 1593 2564 re
1617 2514 1769 2564 vobis
1790 2511 1970 2564 habeo

400 2582 669 2650 polliceri,
683 2582 785 2630 nisi
805 2582 944 2632 illud
970 2588 1118 2632 certe
1137 2579 1272 2632 mihi
1291 2582 1473 2631 excuti
1495 2580 1645 2630 nullo
1664 2580 1830 2630 modo
1850 2586 1972 2644 pot-

403 2657 514 2702 est:
549 2648 874 2700 veniendum
895 2655 1101 2710 tamen,
1125 2655 1181 2698 et
1200 2663 1337 2714 quae
1362 2648 1606 2708 obstant,
1640 2645 1819 2696 omnia
1842 2661 1974 2712 qua·
