<?xml version="1.0" encoding="UTF-8"?>
<!DOCTYPE html PUBLIC "-//W3C//DTD XHTML 1.0 Transitional//EN"
    "http://www.w3.org/TR/xhtml1/DTD/xhtml1-transitional.dtd">
<html xmlns="http://www.w3.org/1999/xhtml" xml:lang="en" lang="en">
 <head>
  <title>
</title>
<meta http-equiv="Content-Type" content="text/html;charset=utf-8" />
  <meta name='ocr-system' content='tesseract 3.04.00' />
  <meta name='ocr-capabilities' content='ocr_page ocr_carea ocr_par ocr_line ocrx_word'/>
</head>
<body>
  <div class='ocr_page' id='page_1' title='image "./epistolae00unkngoog_0183.png"; bbox 0 0 2275 3025; ppageno 0'>
   <div class='ocr_carea' id='block_1_1' title="bbox 510 153 1808 208">
    <p class='ocr_par' dir='ltr' id='par_1_1' title="bbox 510 153 1808 208">
     <span class='ocr_line' id='line_1_1' title="bbox 510 153 1808 208; baseline 0.002 -3"><span class='ocrx_word' id='word_1_1' title='bbox 510 154 769 207; x_wconf 72' lang='lat' dir='ltr'><strong>EPIST.</strong></span> <span class='ocrx_word' id='word_1_2' title='bbox 810 155 962 206; x_wconf 67' lang='lat' dir='ltr'>Lus,</span> <span class='ocrx_word' id='word_1_3' title='bbox 999 153 1076 205; x_wconf 81' lang='grc' dir='ltr'>Π.</span> <span class='ocrx_word' id='word_1_4' title='bbox 1113 155 1232 206; x_wconf 80' lang='grc' dir='ltr'>ΕΡ.</span> <span class='ocrx_word' id='word_1_5' title='bbox 1269 155 1340 206; x_wconf 82' lang='grc' dir='ltr'>Χ.</span> <span class='ocrx_word' id='word_1_6' title='bbox 1377 155 1481 206; x_wconf 81' lang='lat' dir='ltr'>xl.</span> <span class='ocrx_word' id='word_1_7' title='bbox 1715 153 1808 208; x_wconf 60' lang='lat'>155</span> 
     </span>
    </p>
   </div>
   <div class='ocr_carea' id='block_1_2' title="bbox 126 253 1838 1187">
    <p class='ocr_par' dir='ltr' id='par_1_2' title="bbox 126 253 1838 1187">
     <span class='ocr_line' id='line_1_2' title="bbox 200 253 1810 333; baseline 0.001 -27"><span class='ocrx_word' id='word_1_8' title='bbox 200 261 315 306; x_wconf 84' lang='lat' dir='ltr'>tum</span> <span class='ocrx_word' id='word_1_9' title='bbox 336 253 529 317; x_wconf 79' lang='lat' dir='ltr'>effeci,</span> <span class='ocrx_word' id='word_1_10' title='bbox 560 262 825 323; x_wconf 85' lang='lat' dir='ltr'>quantum</span> <span class='ocrx_word' id='word_1_11' title='bbox 846 255 895 304; x_wconf 89' lang='lat' dir='ltr'>si</span> <span class='ocrx_word' id='word_1_12' title='bbox 924 255 1071 305; x_wconf 74' lang='lat' dir='ltr'>alius</span> <span class='ocrx_word' id='word_1_13' title='bbox 1092 259 1222 333; x_wconf 82' lang='lat' dir='ltr'>post</span> <span class='ocrx_word' id='word_1_14' title='bbox 1247 267 1339 306; x_wconf 88' lang='lat' dir='ltr'>me</span> <span class='ocrx_word' id='word_1_15' title='bbox 1363 257 1638 322; x_wconf 79' lang='lat' dir='ltr'>quispiam</span> <span class='ocrx_word' id='word_1_16' title='bbox 1673 255 1810 308; x_wconf 81' lang='lat' dir='ltr'>effe-</span> 
     </span>
     <span class='ocr_line' id='line_1_3' title="bbox 204 319 1813 387; baseline 0.001 -15"><span class='ocrx_word' id='word_1_17' title='bbox 204 324 357 386; x_wconf 83' lang='lat' dir='ltr'>cerit,</span> <span class='ocrx_word' id='word_1_18' title='bbox 384 322 517 385; x_wconf 85' lang='lat' dir='ltr'>erit,</span> <span class='ocrx_word' id='word_1_19' title='bbox 546 337 646 373; x_wconf 86' lang='lat' dir='ltr'>eur</span> <span class='ocrx_word' id='word_1_20' title='bbox 675 322 785 373; x_wconf 85' lang='lat' dir='ltr'>sibi</span> <span class='ocrx_word' id='word_1_21' title='bbox 804 322 983 381; x_wconf 83' lang='lat' dir='ltr'>serio,</span> <span class='ocrx_word' id='word_1_22' title='bbox 1024 335 1120 386; x_wconf 85' lang='lat' dir='ltr'>qm</span> <span class='ocrx_word' id='word_1_23' title='bbox 1151 319 1313 372; x_wconf 84' lang='lat' dir='ltr'>huius</span> <span class='ocrx_word' id='word_1_24' title='bbox 1347 325 1546 387; x_wconf 82' lang='lat' dir='ltr'>po&#39;etae</span> <span class='ocrx_word' id='word_1_25' title='bbox 1569 323 1813 374; x_wconf 76' lang='lat' dir='ltr'><strong>studiosi</strong></span> 
     </span>
     <span class='ocr_line' id='line_1_4' title="bbox 204 386 1838 456; baseline 0.001 -19"><span class='ocrx_word' id='word_1_26' title='bbox 204 397 352 450; x_wconf 84' lang='lat' dir='ltr'>sunt,</span> <span class='ocrx_word' id='word_1_27' title='bbox 396 389 767 456; x_wconf 73' lang='lat' dir='ltr'><strong>gratulentur.</strong></span> <span class='ocrx_word' id='word_1_28' title='bbox 834 386 1001 436; x_wconf 84' lang='lat' dir='ltr'>Hunc</span> <span class='ocrx_word' id='word_1_29' title='bbox 1030 401 1212 437; x_wconf 85' lang='lat' dir='ltr'>meum</span> <span class='ocrx_word' id='word_1_30' title='bbox 1251 387 1498 438; x_wconf 81' lang='lat' dir='ltr'>laborem</span> <span class='ocrx_word' id='word_1_31' title='bbox 1530 388 1599 438; x_wconf 89' lang='lat' dir='ltr'>ad</span> <span class='ocrx_word' id='word_1_32' title='bbox 1629 395 1686 438; x_wconf 88' lang='lat' dir='ltr'>te</span> <span class='ocrx_word' id='word_1_33' title='bbox 1715 401 1838 456; x_wconf 55' lang='lat' dir='ltr'>po·⁴</span> 
     </span>
     <span class='ocr_line' id='line_1_5' title="bbox 205 452 1812 520; baseline 0 -15"><span class='ocrx_word' id='word_1_34' title='bbox 205 456 497 517; x_wconf 80' lang='lat' dir='ltr'>tissimum,</span> <span class='ocrx_word' id='word_1_35' title='bbox 518 454 721 506; x_wconf 82' lang='lat' dir='ltr'>lacohe</span> <span class='ocrx_word' id='word_1_36' title='bbox 746 452 1003 515; x_wconf 84' lang='lat' dir='ltr'>Suriaue,</span> <span class='ocrx_word' id='word_1_37' title='bbox 1021 454 1202 514; x_wconf 87' lang='lat' dir='ltr'>mitto,</span> <span class='ocrx_word' id='word_1_38' title='bbox 1217 453 1432 520; x_wconf 80' lang='lat' dir='ltr'>tibique</span> <span class='ocrx_word' id='word_1_39' title='bbox 1451 455 1674 514; x_wconf 85' lang='lat' dir='ltr'>dedico,</span> <span class='ocrx_word' id='word_1_40' title='bbox 1694 462 1812 505; x_wconf 86' lang='lat' dir='ltr'>tum</span> 
     </span>
     <span class='ocr_line' id='line_1_6' title="bbox 208 520 1812 587; baseline -0.001 -16"><span class='ocrx_word' id='word_1_41' title='bbox 208 522 409 574; x_wconf 77' lang='lat' dir='ltr'>eximia</span> <span class='ocrx_word' id='word_1_42' title='bbox 436 529 534 572; x_wconf 86' lang='lat' dir='ltr'>tua</span> <span class='ocrx_word' id='word_1_43' title='bbox 556 521 973 587; x_wconf 67' lang='lat' dir='ltr'>praestantique</span> <span class='ocrx_word' id='word_1_44' title='bbox 996 520 1202 570; x_wconf 88' lang='lat' dir='ltr'>virtute</span> <span class='ocrx_word' id='word_1_45' title='bbox 1231 533 1298 570; x_wconf 84' lang='lat' dir='ltr'>ae</span> <span class='ocrx_word' id='word_1_46' title='bbox 1319 521 1635 571; x_wconf 75' lang='lat' dir='ltr'>eruditione</span> <span class='ocrx_word' id='word_1_47' title='bbox 1664 535 1812 571; x_wconf 81' lang='lat' dir='ltr'>com-</span> 
     </span>
     <span class='ocr_line' id='line_1_7' title="bbox 205 583 1815 652; baseline 0 -14"><span class='ocrx_word' id='word_1_48' title='bbox 205 594 419 648; x_wconf 83' lang='lat' dir='ltr'>motus,</span> <span class='ocrx_word' id='word_1_49' title='bbox 452 594 599 648; x_wconf 87' lang='lat' dir='ltr'>tum,</span> <span class='ocrx_word' id='word_1_50' title='bbox 640 587 916 652; x_wconf 79' lang='lat' dir='ltr'>quoniam,</span> <span class='ocrx_word' id='word_1_51' title='bbox 957 601 1032 638; x_wconf 81' lang='lat' dir='ltr'>ex</span> <span class='ocrx_word' id='word_1_52' title='bbox 1052 601 1164 652; x_wconf 88' lang='lat' dir='ltr'>quo</span> <span class='ocrx_word' id='word_1_53' title='bbox 1190 587 1248 637; x_wconf 89' lang='lat' dir='ltr'>in</span> <span class='ocrx_word' id='word_1_54' title='bbox 1282 583 1387 637; x_wconf 79' lang='lat' dir='ltr'>hac</span> <span class='ocrx_word' id='word_1_55' title='bbox 1407 587 1544 637; x_wconf 82' lang='lat' dir='ltr'>urbe</span> <span class='ocrx_word' id='word_1_56' title='bbox 1565 593 1815 638; x_wconf 82' lang='lat' dir='ltr'>veterum</span> 
     </span>
     <span class='ocr_line' id='line_1_8' title="bbox 204 652 1812 720; baseline 0 -16"><span class='ocrx_word' id='word_1_57' title='bbox 204 654 797 718; x_wconf 78' lang='lat' dir='ltr'>scriptainterpretari‚</span> <span class='ocrx_word' id='word_1_58' title='bbox 810 655 1119 705; x_wconf 80' lang='lat' dir='ltr'>constituto</span> <span class='ocrx_word' id='word_1_59' title='bbox 1130 652 1266 705; x_wconf 80' lang='lat' dir='ltr'>mihi</span> <span class='ocrx_word' id='word_1_60' title='bbox 1315 654 1500 705; x_wconf 84' lang='lat' dir='ltr'>ubliee</span> <span class='ocrx_word' id='word_1_61' title='bbox 1512 653 1812 720; x_wconf 87' lang='lat' dir='ltr'>stipendio,</span> 
     </span>
     <span class='ocr_line' id='line_1_9' title="bbox 204 720 1815 787; baseline 0 -17"><span class='ocrx_word' id='word_1_62' title='bbox 204 721 387 784; x_wconf 74' lang='lat' dir='ltr'>coepi,</span> <span class='ocrx_word' id='word_1_63' title='bbox 408 724 533 769; x_wconf 78' lang='lat' dir='ltr'>tota</span> <span class='ocrx_word' id='word_1_64' title='bbox 552 731 638 770; x_wconf 75' lang='lat' dir='ltr'>me</span> <span class='ocrx_word' id='word_1_65' title='bbox 659 725 844 770; x_wconf 77' lang='lat' dir='ltr'>vestra</span> <span class='ocrx_word' id='word_1_66' title='bbox 854 721 1061 772; x_wconf 77' lang='lat' dir='ltr'>domus</span> <span class='ocrx_word' id='word_1_67' title='bbox 1080 721 1293 772; x_wconf 81' lang='lat' dir='ltr'>admira</span> <span class='ocrx_word' id='word_1_68' title='bbox 1331 721 1392 771; x_wconf 86' lang='lat' dir='ltr'>ili</span> <span class='ocrx_word' id='word_1_69' title='bbox 1416 720 1654 787; x_wconf 80' lang='lat' dir='ltr'>quodam</span> <span class='ocrx_word' id='word_1_70' title='bbox 1665 735 1815 770; x_wconf 86' lang='lat' dir='ltr'>amo-</span> 
     </span>
     <span class='ocr_line' id='line_1_10' title="bbox 205 785 1812 851; baseline 0 -15"><span class='ocrx_word' id='word_1_71' title='bbox 205 787 285 836; x_wconf 82' lang='lat' dir='ltr'>ris</span> <span class='ocrx_word' id='word_1_72' title='bbox 309 785 515 836; x_wconf 78' lang='lat' dir='ltr'>ardore</span> <span class='ocrx_word' id='word_1_73' title='bbox 536 786 828 851; x_wconf 80' lang='lat' dir='ltr'>complexa</span> <span class='ocrx_word' id='word_1_74' title='bbox 846 793 951 838; x_wconf 79' lang='lat' dir='ltr'>est.</span> <span class='ocrx_word' id='word_1_75' title='bbox 1010 786 1139 837; x_wconf 77' lang='lat' dir='ltr'>Erit</span> <span class='ocrx_word' id='word_1_76' title='bbox 1151 795 1338 838; x_wconf 84' lang='lat' dir='ltr'>autem</span> <span class='ocrx_word' id='word_1_77' title='bbox 1361 786 1469 838; x_wconf 73' lang='lat' dir='ltr'>ho&lt;¹</span> <span class='ocrx_word' id='word_1_78' title='bbox 1489 803 1686 837; x_wconf 85' lang='lat' dir='ltr'>munus</span> <span class='ocrx_word' id='word_1_79' title='bbox 1712 785 1812 836; x_wconf 82' lang='lat' dir='ltr'>tibi</span> 
     </span>
     <span class='ocr_line' id='line_1_11' title="bbox 203 851 1814 922; baseline 0.001 -20"><span class='ocrx_word' id='word_1_80' title='bbox 203 851 449 904; x_wconf 82' lang='lat' dir='ltr'>fortasse</span> <span class='ocrx_word' id='word_1_81' title='bbox 471 854 649 903; x_wconf 85' lang='lat' dir='ltr'>minus</span> <span class='ocrx_word' id='word_1_82' title='bbox 669 853 836 915; x_wconf 73' lang='lat' dir='ltr'>utile,</span> <span class='ocrx_word' id='word_1_83' title='bbox 872 854 968 921; x_wconf 88' lang='lat' dir='ltr'>qui</span> <span class='ocrx_word' id='word_1_84' title='bbox 988 853 1095 903; x_wconf 72' lang='lat' dir='ltr'>iam</span> <span class='ocrx_word' id='word_1_85' title='bbox 1119 853 1328 904; x_wconf 83' lang='lat' dir='ltr'>dudum</span> <span class='ocrx_word' id='word_1_86' title='bbox 1345 855 1402 904; x_wconf 87' lang='lat' dir='ltr'>in</span> <span class='ocrx_word' id='word_1_87' title='bbox 1422 852 1814 922; x_wconf 77' lang='lat' dir='ltr'>philosophiae</span> 
     </span>
     <span class='ocr_line' id='line_1_12' title="bbox 202 918 1812 987; baseline 0.001 -20"><span class='ocrx_word' id='word_1_88' title='bbox 202 918 515 984; x_wconf 79' lang='lat' dir='ltr'>penetralia</span> <span class='ocrx_word' id='word_1_89' title='bbox 538 925 821 987; x_wconf 85' lang='lat' dir='ltr'>receptus,</span> <span class='ocrx_word' id='word_1_90' title='bbox 859 935 971 970; x_wconf 89' lang='lat' dir='ltr'>non</span> <span class='ocrx_word' id='word_1_91' title='bbox 998 920 1079 970; x_wconf 85' lang='lat' dir='ltr'>ita</span> <span class='ocrx_word' id='word_1_92' title='bbox 1106 934 1275 985; x_wconf 79' lang='lat' dir='ltr'>saepe</span> <span class='ocrx_word' id='word_1_93' title='bbox 1304 920 1552 971; x_wconf 80' lang='lat' dir='ltr'>demittis</span> <span class='ocrx_word' id='word_1_94' title='bbox 1571 923 1812 970; x_wconf 85' lang='lat' dir='ltr'>animum</span> 
     </span>
     <span class='ocr_line' id='line_1_13' title="bbox 205 983 1812 1054; baseline 0.001 -20"><span class='ocrx_word' id='word_1_95' title='bbox 205 985 273 1035; x_wconf 85' lang='lat' dir='ltr'>ad</span> <span class='ocrx_word' id='word_1_96' title='bbox 304 983 447 1036; x_wconf 80' lang='lat' dir='ltr'>haee</span> <span class='ocrx_word' id='word_1_97' title='bbox 472 985 703 1037; x_wconf 81' lang='lat' dir='ltr'>levio‘ris</span> <span class='ocrx_word' id='word_1_98' title='bbox 734 1001 939 1054; x_wconf 78' lang='lat' dir='ltr'>operae</span> <span class='ocrx_word' id='word_1_99' title='bbox 977 986 1188 1044; x_wconf 70' lang='lat' dir='ltr'>studiaz</span> <span class='ocrx_word' id='word_1_100' title='bbox 1243 986 1550 1036; x_wconf 77' lang='lat' dir='ltr'>Hermolao</span> <span class='ocrx_word' id='word_1_101' title='bbox 1589 986 1812 1052; x_wconf 84' lang='lat' dir='ltr'>quidem</span> 
     </span>
     <span class='ocr_line' id='line_1_14' title="bbox 206 1051 1812 1120; baseline -0.001 -18"><span class='ocrx_word' id='word_1_102' title='bbox 206 1058 263 1102; x_wconf 89' lang='lat' dir='ltr'>et</span> <span class='ocrx_word' id='word_1_103' title='bbox 284 1051 560 1120; x_wconf 77' lang='lat' dir='ltr'>Georgia,</span> <span class='ocrx_word' id='word_1_104' title='bbox 581 1052 849 1104; x_wconf 80' lang='lat' dir='ltr'>fratribus</span> <span class='ocrx_word' id='word_1_105' title='bbox 871 1054 1013 1115; x_wconf 77' lang='lat' dir='ltr'>tuis,</span> <span class='ocrx_word' id='word_1_106' title='bbox 1054 1053 1489 1103; x_wconf 76' lang='lat' dir='ltr'>modestissimis</span> <span class='ocrx_word' id='word_1_107' title='bbox 1519 1052 1812 1101; x_wconf 82' lang='lat' dir='ltr'>studiosis-</span> 
     </span>
     <span class='ocr_line' id='line_1_15' title="bbox 126 1117 1813 1187; baseline -0.001 -19"><span class='ocrx_word' id='word_1_108' title='bbox 126 1149 139 1154; x_wconf 79' lang='lat'><em>·</em></span> <span class='ocrx_word' id='word_1_109' title='bbox 205 1120 471 1187; x_wconf 83' lang='lat' dir='ltr'>simisque</span> <span class='ocrx_word' id='word_1_110' title='bbox 508 1117 993 1182; x_wconf 79' lang='lat' dir='ltr'>adolescentibus,</span> <span class='ocrx_word' id='word_1_111' title='bbox 1029 1133 1141 1169; x_wconf 79' lang='lat' dir='ltr'>non</span> <span class='ocrx_word' id='word_1_112' title='bbox 1170 1118 1369 1171; x_wconf 84' lang='lat' dir='ltr'>inutile</span> <span class='ocrx_word' id='word_1_113' title='bbox 1407 1117 1534 1169; x_wconf 78' lang='lat' dir='ltr'>fore</span> <span class='ocrx_word' id='word_1_114' title='bbox 1574 1117 1813 1170; x_wconf 74' lang='lat' dir='ltr'>confido.</span> 
     </span>
    </p>
   </div>
   <div class='ocr_carea' id='block_1_3' title="bbox 208 1184 366 1238">
    <p class='ocr_par' dir='ltr' id='par_1_3' title="bbox 208 1184 366 1238">
     <span class='ocr_line' id='line_1_16' title="bbox 208 1184 366 1238; baseline 0.006 -1"><span class='ocrx_word' id='word_1_115' title='bbox 208 1184 366 1238; x_wconf 85' lang='lat' dir='ltr'>Vale.</span> 
     </span>
    </p>
   </div>
   <div class='ocr_carea' id='block_1_4' title="bbox 790 1318 1203 1333">
    <p class='ocr_par' dir='ltr' id='par_1_4' title="bbox 790 1318 1203 1333">
     <span class='ocr_line' id='line_1_17' title="bbox 790 1318 1203 1333; baseline 0 0"><span class='ocrx_word' id='word_1_116' title='bbox 790 1318 1203 1333; x_wconf 95' lang='lat' dir='ltr'> </span> 
     </span>
    </p>
   </div>
   <div class='ocr_carea' id='block_1_5' title="bbox 314 1421 1695 1623">
    <p class='ocr_par' dir='ltr' id='par_1_5' title="bbox 314 1421 1695 1623">
     <span class='ocr_line' id='line_1_18' title="bbox 438 1421 1580 1478; baseline 0.002 -2"><span class='ocrx_word' id='word_1_117' title='bbox 438 1421 543 1476; x_wconf 79' lang='lat' dir='ltr'>XI.</span> <span class='ocrx_word' id='word_1_118' title='bbox 588 1425 670 1478; x_wconf 81' lang='grc' dir='ltr'>Μ.</span> <span class='ocrx_word' id='word_1_119' title='bbox 711 1423 1133 1478; x_wconf 78' lang='lat' dir='ltr'>ANTONIUS</span> <span class='ocrx_word' id='word_1_120' title='bbox 1179 1425 1580 1478; x_wconf 79' lang='lat' dir='ltr'><strong>MURETUS</strong></span> 
     </span>
     <span class='ocr_line' id='line_1_19' title="bbox 314 1505 1695 1545; baseline 0 0"><span class='ocrx_word' id='word_1_121' title='bbox 314 1505 777 1545; x_wconf 62' lang='lat' dir='ltr'>annuntium)</span> <span class='ocrx_word' id='word_1_122' title='bbox 817 1505 1238 1545; x_wconf 60' lang='lat' dir='ltr'>numanum</span> <span class='ocrx_word' id='word_1_123' title='bbox 1278 1507 1602 1545; x_wconf 61' lang='lat' dir='ltr'>sunnam</span> <span class='ocrx_word' id='word_1_124' title='bbox 1641 1507 1695 1545; x_wconf 70' lang='grc' dir='ltr'>ι’.</span> 
     </span>
     <span class='ocr_line' id='line_1_20' title="bbox 507 1563 1512 1623; baseline -0.001 -12"><span class='ocrx_word' id='word_1_125' title='bbox 507 1575 841 1611; x_wconf 64' lang='lat' dir='ltr'>nminem</span> <span class='ocrx_word' id='word_1_126' title='bbox 883 1574 1164 1613; x_wconf 60' lang='lat' dir='ltr'>venero</span> <span class='ocrx_word' id='word_1_127' title='bbox 1210 1574 1258 1611; x_wconf 78' lang='lat' dir='ltr'>s·</span> <span class='ocrx_word' id='word_1_128' title='bbox 1299 1575 1348 1611; x_wconf 73' lang='grc' dir='ltr'>ι».</span> <span class='ocrx_word' id='word_1_129' title='bbox 1389 1563 1512 1623; x_wconf 77' lang='lat' dir='ltr'>n.*)</span> 
     </span>
    </p>
   </div>
   <div class='ocr_carea' id='block_1_6' title="bbox 196 1624 1818 2595">
    <p class='ocr_par' dir='ltr' id='par_1_6' title="bbox 196 1624 1818 2595">
     <span class='ocr_line' id='line_1_21' title="bbox 266 1624 1816 1727; baseline 0.001 -20"><span class='ocrx_word' id='word_1_130' title='bbox 266 1624 715 1711; x_wconf 68' lang='lat' dir='ltr'>l&#39;raestantium</span> <span class='ocrx_word' id='word_1_131' title='bbox 743 1663 1033 1727; x_wconf 75' lang='lat' dir='ltr'>poetarum</span> <span class='ocrx_word' id='word_1_132' title='bbox 1049 1696 1063 1720; x_wconf 93' lang='lat'>,</span> <span class='ocrx_word' id='word_1_133' title='bbox 1096 1658 1442 1709; x_wconf 81' lang='lat' dir='ltr'>Bernardine</span> <span class='ocrx_word' id='word_1_134' title='bbox 1463 1656 1816 1721; x_wconf 75' lang='lat' dir='ltr'>Lauredame,</span> 
     </span>
     <span class='ocr_line' id='line_1_22' title="bbox 202 1724 1816 1791; baseline 0.001 -15"><span class='ocrx_word' id='word_1_135' title='bbox 202 1724 535 1777; x_wconf 75' lang='lat' dir='ltr'>adolescens</span> <span class='ocrx_word' id='word_1_136' title='bbox 568 1726 906 1788; x_wconf 75' lang='lat' dir='ltr'>clarissime,</span> <span class='ocrx_word' id='word_1_137' title='bbox 946 1740 1127 1791; x_wconf 83' lang='lat' dir='ltr'>neque</span> <span class='ocrx_word' id='word_1_138' title='bbox 1154 1738 1358 1791; x_wconf 84' lang='lat' dir='ltr'>magna</span> <span class='ocrx_word' id='word_1_139' title='bbox 1385 1738 1624 1790; x_wconf 87' lang='lat' dir='ltr'>unquam</span> <span class='ocrx_word' id='word_1_140' title='bbox 1653 1727 1816 1791; x_wconf 81' lang='lat' dir='ltr'>eopia</span> 
     </span>
     <span class='ocr_line' id='line_1_23' title="bbox 202 1790 1814 1858; baseline 0 -16"><span class='ocrx_word' id='word_1_141' title='bbox 202 1799 259 1844; x_wconf 85' lang='lat' dir='ltr'>et</span> <span class='ocrx_word' id='word_1_142' title='bbox 295 1806 521 1857; x_wconf 75' lang='lat' dir='ltr'>semper</span> <span class='ocrx_word' id='word_1_143' title='bbox 555 1804 759 1858; x_wconf 87' lang='lat' dir='ltr'>magna</span> <span class='ocrx_word' id='word_1_144' title='bbox 795 1792 915 1842; x_wconf 83' lang='lat' dir='ltr'>laus</span> <span class='ocrx_word' id='word_1_145' title='bbox 944 1791 1069 1842; x_wconf 80' lang='lat' dir='ltr'>fuit.</span> <span class='ocrx_word' id='word_1_146' title='bbox 1140 1791 1221 1841; x_wconf 75' lang='lat'>00</span> <span class='ocrx_word' id='word_1_147' title='bbox 1262 1792 1319 1843; x_wconf 85' lang='lat' dir='ltr'>ia</span> <span class='ocrx_word' id='word_1_148' title='bbox 1343 1806 1411 1841; x_wconf 86' lang='lat' dir='ltr'>ne</span> <span class='ocrx_word' id='word_1_149' title='bbox 1441 1790 1639 1853; x_wconf 78' lang='lat' dir='ltr'>fuerit,</span> <span class='ocrx_word' id='word_1_150' title='bbox 1671 1790 1728 1841; x_wconf 87' lang='lat' dir='ltr'>id</span> <span class='ocrx_word' id='word_1_151' title='bbox 1759 1792 1814 1842; x_wconf 85' lang='lat' dir='ltr'>in</span> 
     </span>
     <span class='ocr_line' id='line_1_24' title="bbox 200 1856 1812 1925; baseline 0.001 -16"><span class='ocrx_word' id='word_1_152' title='bbox 200 1872 373 1909; x_wconf 78' lang='lat' dir='ltr'>eausa</span> <span class='ocrx_word' id='word_1_153' title='bbox 414 1864 525 1919; x_wconf 86' lang='lat' dir='ltr'>est,</span> <span class='ocrx_word' id='word_1_154' title='bbox 574 1859 723 1925; x_wconf 83' lang='lat' dir='ltr'>quod</span> <span class='ocrx_word' id='word_1_155' title='bbox 761 1859 818 1908; x_wconf 86' lang='lat' dir='ltr'>in</span> <span class='ocrx_word' id='word_1_156' title='bbox 858 1858 1062 1909; x_wconf 81' lang='lat' dir='ltr'>ceteris</span> <span class='ocrx_word' id='word_1_157' title='bbox 1089 1856 1220 1909; x_wconf 69' lang='lat' dir='ltr'>fanu</span> <span class='ocrx_word' id='word_1_158' title='bbox 1245 1859 1479 1920; x_wconf 85' lang='lat' dir='ltr'>tatibus,</span> <span class='ocrx_word' id='word_1_159' title='bbox 1515 1872 1677 1909; x_wconf 87' lang='lat' dir='ltr'>nemo</span> <span class='ocrx_word' id='word_1_160' title='bbox 1708 1868 1812 1921; x_wconf 82' lang='lat' dir='ltr'>est,</span> 
     </span>
     <span class='ocr_line' id='line_1_25' title="bbox 198 1922 1814 1993; baseline 0.001 -18"><span class='ocrx_word' id='word_1_161' title='bbox 198 1924 471 1977; x_wconf 77' lang='lat' dir='ltr'>duntaxat</span> <span class='ocrx_word' id='word_1_162' title='bbox 508 1939 701 1976; x_wconf 88' lang='lat' dir='ltr'>eorum</span> <span class='ocrx_word' id='word_1_163' title='bbox 760 1928 818 1978; x_wconf 89' lang='lat' dir='ltr'>ui</span> <span class='ocrx_word' id='word_1_164' title='bbox 840 1922 1025 1977; x_wconf 82' lang='lat' dir='ltr'>hebeti</span> <span class='ocrx_word' id='word_1_165' title='bbox 1049 1925 1267 1991; x_wconf 84' lang='lat' dir='ltr'>penitus</span> <span class='ocrx_word' id='word_1_166' title='bbox 1289 1924 1516 1993; x_wconf 79' lang='lat' dir='ltr'>ingenio</span> <span class='ocrx_word' id='word_1_167' title='bbox 1539 1941 1647 1976; x_wconf 87' lang='lat' dir='ltr'>non</span> <span class='ocrx_word' id='word_1_168' title='bbox 1667 1936 1814 1989; x_wconf 82' lang='lat' dir='ltr'>sunt,</span> 
     </span>
     <span class='ocr_line' id='line_1_26' title="bbox 197 1990 1814 2058; baseline 0.001 -15"><span class='ocrx_word' id='word_1_169' title='bbox 197 1993 295 2058; x_wconf 85' lang='lat' dir='ltr'>qui</span> <span class='ocrx_word' id='word_1_170' title='bbox 316 2008 448 2055; x_wconf 84' lang='lat' dir='ltr'>non,</span> <span class='ocrx_word' id='word_1_171' title='bbox 470 1990 723 2043; x_wconf 76' lang='lat' dir='ltr'>adhibito</span> <span class='ocrx_word' id='word_1_172' title='bbox 770 1991 1021 2053; x_wconf 57' lang='lat' dir='ltr'>aboi-essi</span> <span class='ocrx_word' id='word_1_173' title='bbox 1040 1993 1224 2043; x_wconf 84' lang='lat' dir='ltr'>minus</span> <span class='ocrx_word' id='word_1_174' title='bbox 1246 1993 1547 2055; x_wconf 81' lang='lat' dir='ltr'>excellere,</span> <span class='ocrx_word' id='word_1_175' title='bbox 1571 2002 1627 2043; x_wconf 87' lang='lat' dir='ltr'>at</span> <span class='ocrx_word' id='word_1_176' title='bbox 1659 2002 1814 2045; x_wconf 86' lang='lat' dir='ltr'>certe</span> 
     </span>
     <span class='ocr_line' id='line_1_27' title="bbox 198 2058 1814 2127; baseline -0.001 -18"><span class='ocrx_word' id='word_1_177' title='bbox 198 2058 271 2109; x_wconf 85' lang='lat' dir='ltr'>ad</span> <span class='ocrx_word' id='word_1_178' title='bbox 296 2059 745 2111; x_wconf 77' lang='lat' dir='ltr'>mediocritatem</span> <span class='ocrx_word' id='word_1_179' title='bbox 773 2060 847 2111; x_wconf 80' lang='lat' dir='ltr'>ali</span> <span class='ocrx_word' id='word_1_180' title='bbox 891 2074 1019 2111; x_wconf 83' lang='lat' dir='ltr'>uam</span> <span class='ocrx_word' id='word_1_181' title='bbox 1052 2061 1344 2127; x_wconf 81' lang='lat' dir='ltr'>pervenire</span> <span class='ocrx_word' id='word_1_182' title='bbox 1366 2075 1430 2112; x_wconf 86' lang='lat' dir='ltr'>se</span> <span class='ocrx_word' id='word_1_183' title='bbox 1447 2074 1618 2127; x_wconf 89' lang='lat' dir='ltr'>posse</span> <span class='ocrx_word' id='word_1_184' title='bbox 1643 2058 1814 2110; x_wconf 76' lang='lat' dir='ltr'>consi-</span> 
     </span>
     <span class='ocr_line' id='line_1_28' title="bbox 200 2076 1814 2207; baseline -0.002 -31"><span class='ocrx_word' id='word_1_185' title='bbox 200 2125 325 2176; x_wconf 84' lang='lat' dir='ltr'>dat:</span> <span class='ocrx_word' id='word_1_186' title='bbox 369 2126 429 2174; x_wconf 87' lang='lat' dir='ltr'>in</span> <span class='ocrx_word' id='word_1_187' title='bbox 457 2124 587 2187; x_wconf 84' lang='lat' dir='ltr'>hae,</span> <span class='ocrx_word' id='word_1_188' title='bbox 615 2126 724 2177; x_wconf 87' lang='lat' dir='ltr'>nisi</span> <span class='ocrx_word' id='word_1_189' title='bbox 752 2128 822 2177; x_wconf 84' lang='lat' dir='ltr'>ab</span> <span class='ocrx_word' id='word_1_190' title='bbox 849 2076 947 2188; x_wconf 54' lang='lat' dir='ltr'>gs,</span> <span class='ocrx_word' id='word_1_191' title='bbox 982 2142 1122 2193; x_wconf 89' lang='lat' dir='ltr'>quos</span> <span class='ocrx_word' id='word_1_192' title='bbox 1143 2129 1268 2207; x_wconf 81' lang='lat' dir='ltr'>ipsu</span> <span class='ocrx_word' id='word_1_193' title='bbox 1287 2126 1700 2195; x_wconf 82' lang='lat' dir='ltr'>quodammodo</span> <span class='ocrx_word' id='word_1_194' title='bbox 1721 2137 1814 2174; x_wconf 78' lang='lat' dir='ltr'>na-</span> 
     </span>
     <span class='ocr_line' id='line_1_29' title="bbox 196 2190 1812 2263; baseline -0.002 -20"><span class='ocrx_word' id='word_1_195' title='bbox 196 2199 331 2243; x_wconf 80' lang='lat' dir='ltr'>tura</span> <span class='ocrx_word' id='word_1_196' title='bbox 350 2190 422 2241; x_wconf 86' lang='lat' dir='ltr'>ad</span> <span class='ocrx_word' id='word_1_197' title='bbox 444 2206 565 2242; x_wconf 83' lang='lat' dir='ltr'>eam</span> <span class='ocrx_word' id='word_1_198' title='bbox 586 2192 834 2255; x_wconf 70' lang='lat' dir='ltr'>finxerit,</span> <span class='ocrx_word' id='word_1_199' title='bbox 856 2193 1070 2257; x_wconf 84' lang='lat' dir='ltr'>labore,</span> <span class='ocrx_word' id='word_1_200' title='bbox 1094 2194 1415 2263; x_wconf 75' lang='lat' dir='ltr'>diligentia,</span> <span class='ocrx_word' id='word_1_201' title='bbox 1436 2193 1648 2260; x_wconf 78' lang='lat' dir='ltr'>vigiliis</span> <span class='ocrx_word' id='word_1_202' title='bbox 1669 2190 1812 2240; x_wconf 80' lang='lat' dir='ltr'>effici</span> 
     </span>
     <span class='ocr_line' id='line_1_30' title="bbox 199 2256 1814 2328; baseline -0.001 -19"><span class='ocrx_word' id='word_1_203' title='bbox 199 2257 346 2309; x_wconf 83' lang='lat' dir='ltr'>nihil</span> <span class='ocrx_word' id='word_1_204' title='bbox 365 2264 571 2325; x_wconf 87' lang='lat' dir='ltr'>potest.</span> <span class='ocrx_word' id='word_1_205' title='bbox 641 2260 725 2318; x_wconf 74' lang='lat' dir='ltr'>Ea</span> <span class='ocrx_word' id='word_1_206' title='bbox 744 2263 869 2328; x_wconf 84' lang='lat' dir='ltr'>ipsa</span> <span class='ocrx_word' id='word_1_207' title='bbox 894 2276 986 2311; x_wconf 87' lang='lat' dir='ltr'>res</span> <span class='ocrx_word' id='word_1_208' title='bbox 1015 2262 1072 2311; x_wconf 87' lang='lat' dir='ltr'>in</span> <span class='ocrx_word' id='word_1_209' title='bbox 1096 2259 1382 2312; x_wconf 82' lang='lat' dir='ltr'>hominum</span> <span class='ocrx_word' id='word_1_210' title='bbox 1403 2260 1602 2309; x_wconf 82' lang='lat' dir='ltr'>animis</span> <span class='ocrx_word' id='word_1_211' title='bbox 1642 2256 1814 2307; x_wconf 85' lang='lat' dir='ltr'>admi·</span> 
     </span>
     <span class='ocr_line' id='line_1_31' title="bbox 198 2322 1818 2393; baseline -0.001 -18"><span class='ocrx_word' id='word_1_212' title='bbox 198 2326 481 2377; x_wconf 79' lang='lat' dir='ltr'>rationem</span> <span class='ocrx_word' id='word_1_213' title='bbox 510 2327 727 2393; x_wconf 84' lang='lat' dir='ltr'>peperit</span> <span class='ocrx_word' id='word_1_214' title='bbox 754 2331 1076 2393; x_wconf 74' lang='lat' dir='ltr'>poetarum,</span> <span class='ocrx_word' id='word_1_215' title='bbox 1114 2326 1523 2393; x_wconf 81' lang='lat' dir='ltr'>obstupefactis</span> <span class='ocrx_word' id='word_1_216' title='bbox 1551 2322 1818 2373; x_wconf 75' lang='lat' dir='ltr'>videlicet</span> 
     </span>
     <span class='ocr_line' id='line_1_32' title="bbox 201 2388 1817 2457; baseline -0.002 -14"><span class='ocrx_word' id='word_1_217' title='bbox 201 2392 549 2455; x_wconf 77' lang='lat' dir='ltr'>hominibus,</span> <span class='ocrx_word' id='word_1_218' title='bbox 590 2408 715 2445; x_wconf 87' lang='lat' dir='ltr'>eum</span> <span class='ocrx_word' id='word_1_219' title='bbox 752 2394 1031 2457; x_wconf 80' lang='lat' dir='ltr'>viderent,</span> <span class='ocrx_word' id='word_1_220' title='bbox 1069 2394 1214 2445; x_wconf 85' lang='lat' dir='ltr'>alios</span> <span class='ocrx_word' id='word_1_221' title='bbox 1253 2411 1279 2445; x_wconf 84' lang='lat' dir='ltr'>s</span> <span class='ocrx_word' id='word_1_222' title='bbox 1322 2399 1454 2443; x_wconf 89' lang='lat' dir='ltr'>onte</span> <span class='ocrx_word' id='word_1_223' title='bbox 1492 2388 1729 2455; x_wconf 83' lang='lat' dir='ltr'>quadam</span> <span class='ocrx_word' id='word_1_224' title='bbox 1759 2394 1817 2439; x_wconf 77' lang='lat' dir='ltr'>et</span> 
     </span>
     <span class='ocr_line' id='line_1_33' title="bbox 200 2454 1816 2527; baseline -0.002 -16"><span class='ocrx_word' id='word_1_225' title='bbox 200 2462 582 2527; x_wconf 78' lang='lat' dir='ltr'>propensione</span> <span class='ocrx_word' id='word_1_226' title='bbox 618 2467 877 2523; x_wconf 82' lang='lat' dir='ltr'>naturae,</span> <span class='ocrx_word' id='word_1_227' title='bbox 918 2461 1038 2512; x_wconf 84' lang='lat' dir='ltr'>sine</span> <span class='ocrx_word' id='word_1_228' title='bbox 1077 2461 1196 2511; x_wconf 89' lang='lat' dir='ltr'>ullo</span> <span class='ocrx_word' id='word_1_229' title='bbox 1233 2458 1290 2508; x_wconf 85' lang='lat' dir='ltr'>la</span> <span class='ocrx_word' id='word_1_230' title='bbox 1329 2470 1429 2508; x_wconf 84' lang='lat' dir='ltr'>ore</span> <span class='ocrx_word' id='word_1_231' title='bbox 1459 2470 1528 2507; x_wconf 88' lang='lat' dir='ltr'>ea</span> <span class='ocrx_word' id='word_1_232' title='bbox 1560 2454 1816 2519; x_wconf 74' lang='lat' dir='ltr'>fundere,</span> 
     </span>
     <span class='ocr_line' id='line_1_34' title="bbox 201 2521 1816 2595; baseline -0.003 -16"><span class='ocrx_word' id='word_1_233' title='bbox 201 2540 347 2593; x_wconf 83' lang='lat' dir='ltr'>quae</span> <span class='ocrx_word' id='word_1_234' title='bbox 374 2540 500 2579; x_wconf 83' lang='lat' dir='ltr'>eum</span> <span class='ocrx_word' id='word_1_235' title='bbox 529 2527 784 2579; x_wconf 84' lang='lat' dir='ltr'>omnibus</span> <span class='ocrx_word' id='word_1_236' title='bbox 822 2526 1184 2595; x_wconf 83' lang='lat' dir='ltr'>eloquentiae</span> <span class='ocrx_word' id='word_1_237' title='bbox 1220 2522 1522 2575; x_wconf 81' lang='lat' dir='ltr'>luminibus</span> <span class='ocrx_word' id='word_1_238' title='bbox 1543 2521 1816 2585; x_wconf 84' lang='lat' dir='ltr'>interlita,</span> 
     </span>
    </p>
   </div>
   <div class='ocr_carea' id='block_1_7' title="bbox 198 2598 1846 2719">
    <p class='ocr_par' dir='ltr' id='par_1_7' title="bbox 198 2598 1846 2719">
     <span class='ocr_line' id='line_1_35' title="bbox 256 2598 1846 2662; baseline -0.006 -10"><span class='ocrx_word' id='word_1_239' title='bbox 256 2604 301 2662; x_wconf 75' lang='grc' dir='ltr'>Ι·)</span> <span class='ocrx_word' id='word_1_240' title='bbox 333 2606 533 2651; x_wconf 72' lang='lat' dir='ltr'>Dedicat</span> <span class='ocrx_word' id='word_1_241' title='bbox 562 2606 828 2652; x_wconf 67' lang='lat' dir='ltr'>Laus-edant»</span> <span class='ocrx_word' id='word_1_242' title='bbox 858 2604 1244 2649; x_wconf 72' lang='lat' dir='ltr'>commentarium</span> <span class='ocrx_word' id='word_1_243' title='bbox 1272 2600 1320 2645; x_wconf 85' lang='lat' dir='ltr'>iu</span> <span class='ocrx_word' id='word_1_244' title='bbox 1343 2598 1589 2645; x_wconf 76' lang='lat' dir='ltr'>Catullum.</span> <span class='ocrx_word' id='word_1_245' title='bbox 1605 2600 1668 2647; x_wconf 81' lang='lat' dir='ltr'>V.</span> <span class='ocrx_word' id='word_1_246' title='bbox 1695 2600 1815 2657; x_wconf 77' lang='lat' dir='ltr'>opp.</span> <span class='ocrx_word' id='word_1_247' title='bbox 1841 2598 1846 2606; x_wconf 83' lang='lat'><em>&#39;</em></span> 
     </span>
     <span class='ocr_line' id='line_1_36' title="bbox 198 2662 874 2719; baseline -0.007 -10"><span class='ocrx_word' id='word_1_248' title='bbox 198 2664 321 2709; x_wconf 67' lang='lat' dir='ltr'>Mur.</span> <span class='ocrx_word' id='word_1_249' title='bbox 342 2664 403 2709; x_wconf 75' lang='lat'>&#39;1&#39;-</span> <span class='ocrx_word' id='word_1_250' title='bbox 421 2663 486 2709; x_wconf 82' lang='lat'>11.</span> <span class='ocrx_word' id='word_1_251' title='bbox 504 2676 554 2719; x_wconf 72' lang='grc' dir='ltr'>ι».</span> <span class='ocrx_word' id='word_1_252' title='bbox 575 2665 673 2708; x_wconf 73' lang='lat'><em>¹10⁹.</em></span> <span class='ocrx_word' id='word_1_253' title='bbox 690 2662 874 2707; x_wconf 69' lang='lat' dir='ltr'>Ruhnk.</span> 
     </span>
    </p>
   </div>
  </div>
 </body>
</html>
