2275 3025
425 140 691 194 EPIST.
725 139 875 192 LIB.
914 140 957 192 Ι.
994 142 1110 196 ΕΡ.
1148 143 1426 198 xcvnl.
1464 146 1681 199 XCIX.
1755 147 1851 198 147

256 243 512 294 daturum
532 249 590 292 te
610 256 721 305 non
742 249 971 307 gravate
987 243 1204 294 veniam
1227 246 1681 311 occupationibus
1695 251 1852 309 meis,

256 324 399 378 quae
426 322 516 358 me
542 311 623 359 ita
650 308 893 374 undique
916 308 1225 360 districtum
1253 317 1468 370 tenent,
1511 319 1571 361 ut
1591 327 1724 378 erga
1741 314 1852 380 ple·

256 390 464 441 rosque
520 374 731 424 amicos
784 387 974 438 perum
1031 376 1338 426 officiosum
1390 377 1566 426 videri
1633 388 1853 444 cogant.

256 443 518 508 Magnam
542 441 707 490 etiam
728 446 908 491 metus
934 446 1145 506 partem
1173 441 1306 492 mihi
1337 443 1510 493 demit
1528 443 1856 496 Franciscus

256 507 527 567 Bencius‚
559 507 653 573 qui
674 504 808 555 mihi
830 507 975 556 omni
997 509 1413 558 asseveratione
1435 509 1748 572 confirmat,
1775 513 1858 562 ita

255 582 312 625 te
342 571 601 650 cupidum
630 586 755 622 esse
783 572 1088 624 litterarum
1124 587 1393 637 mearum,
1434 582 1496 626 ut
1534 576 1795 643 quicquid
1821 591 1856 626 a

256 652 343 689 me
366 644 646 699 mittetur,
684 637 741 687 in
762 638 1003 690 solutum
1033 647 1362 706 accepturus
1391 643 1488 694 sis.
1561 641 1724 702 Quod
1747 657 1853 708 ego

256 713 331 766 te,
350 711 415 756 ut
433 703 627 764 facias,
644 703 893 756 Pontane
916 706 1138 770 optime,
1164 706 1518 758 vehementer
1537 722 1665 759 oroi
1686 707 1853 788 idque

258 785 328 822 ea
345 772 399 822 le
444 785 499 831 e,
541 775 603 820 ut
622 783 707 820 me
728 769 961 835 posthac
995 773 1125 832 (iam
1149 773 1312 835 enim,
1335 782 1396 824 nt
1413 787 1597 840 spero,
1621 775 1854 825 libenor

258 852 327 889 ac
345 853 409 887 so
436 836 588 886 atior
604 835 822 887 futurus
834 842 977 901 sum)
1012 839 1296 904 copiosius
1319 841 1419 889 tibi
1439 840 1854 891 satisfacturum

261 917 387 956 esse
407 902 694 968 pollicear.
764 903 1007 965 Interea,
1029 905 1285 971 quoniam
1307 906 1472 968 δῶρα,
1507 913 1566 956 ut
1583 908 1734 970 ine*)
1757 909 1854 968 ait,

256 966 423 1023 θεοὺς
450 971 649 1027 πείθει,
688 971 849 1019 mitto
870 969 939 1020 ad
960 979 1041 1031 te,
1064 985 1172 1036 quo
1194 978 1250 1020 te
1269 970 1489 1021 facilius
1509 973 1747 1036 placem,
1770 974 1853 1020 λο-

256 1031 439 1102 regnor
478 1034 753 1100 quoddam
792 1051 995 1096 meum,
1036 1043 1095 1086 et
1126 1051 1318 1087 versus
1346 1038 1536 1087 nescio
1566 1053 1704 1103 quos
1733 1037 1854 1088 illu-

258 1105 468 1154 stratos
492 1101 639 1150 notis
660 1101 943 1152 cuiusdam
963 1100 1255 1152 familiaris
1277 1103 1386 1152 mei
1405 1104 1484 1166 *Ἴ
1523 1104 1647 1153 Hoc
1667 1119 1854 1153 munu-

260 1167 500 1226 sculum,
532 1167 913 1233 qualecunque
934 1174 1037 1228 est,
1058 1175 1190 1232 peto
1211 1183 1244 1218 a
1261 1175 1318 1218 ts
1337 1175 1400 1220 ut
1420 1169 1551 1220 boni
1573 1169 1854 1230 consulas,

260 1247 459 1300 meque
482 1248 789 1299 quanquam
806 1234 1186 1286 immerentem
1203 1249 1388 1286 amare
1412 1248 1630 1301 pergas.
1693 1233 1850 1286 Vale.

262 1301 490 1351 Romae.
512 1299 591 1350 ld.
613 1300 757 1350 iulii.
781 1315 1111 1351 mnnxxxrv.

631 1564 853 1616 XCIX.
892 1580 1108 1617 mum:
1147 1580 1474 1617 rourum.

330 1630 471 1715 Cur
499 1670 558 1715 et
584 1670 692 1714 tam
712 1680 871 1715 rarus
902 1670 959 1715 et
978 1671 1087 1715 tam
1115 1665 1301 1714 brevis
1323 1666 1377 1715 in
1413 1663 1706 1714 scribendo
1733 1666 1856 1725 sim,

258 1739 393 1799 puto
413 1736 471 1782 te
491 1746 560 1783 ex
580 1731 773 1783 Bencii
795 1733 969 1782 nostri
994 1731 1196 1781 litteris
1219 1745 1398 1796 cogno
1409 1733 1582 1781 visse=
1624 1731 1712 1780 cui.
1735 1745 1856 1780 cum

256 1800 637 1865 promisissem
659 1796 807 1859 heri,
845 1812 932 1847 me
964 1795 1066 1847 hac
1096 1802 1260 1846 nocte
1291 1796 1498 1864 aliquid
1540 1796 1606 1846 ad
1628 1802 1684 1846 te
1721 1797 1855 1846 scri-

257 1872 505 1932 pturum,
538 1865 617 1915 ita
633 1872 831 1931 postea
848 1878 967 1913 sum
987 1870 1161 1913 totam
1182 1876 1354 1929 prope
1374 1871 1591 1913 noctem
1617 1862 1855 1913 acerbis·

261 1934 402 1983 simo
443 1932 657 1982 sinistri
722 1932 843 1982 edis
880 1930 1075 1980 dolore
1102 1935 1360 1990 vexatus,
1403 1936 1460 1980 ut
1489 1943 1665 1996 neque
1687 1928 1754 1981 de
1777 1930 1853 1979 le-

261 1998 445 2065 gendo
469 2012 647 2063 neque
708 2013 738 2047 e
761 1996 1055 2049 scribendo
1078 1996 1330 2062 cogitare
1351 1998 1642 2061 potuerim.
1697 1995 1854 2045 Nunc

262 2066 583 2115 albescente
623 2064 814 2126 caelo,
855 2078 977 2113 cum
1003 2062 1225 2129 paulum
1263 2077 1323 2113 se
1359 2064 1635 2113 remiserit
1671 2061 1852 2123 dolor,

261 2144 519 2211 cuperem
553 2131 772 2196 quidem
810 2130 1080 2191 scribere3
1122 2128 1222 2178 sed
1261 2130 1407 2195 quod
1446 2129 1706 2187 scribam,
1745 2125 1853 2176 hoc

260 2197 481 2263 quidem
501 2194 921 2262 tenipore,nihil
942 2195 1137 2256 haben,
1160 2195 1268 2244 nisi
1290 2203 1345 2245 te
1367 2210 1400 2243 a
1418 2209 1506 2244 me
1525 2191 1852 2243 mirabiliter

258 2264 449 2323 amari,
472 2263 619 2329 quod
639 2263 765 2324 tibi,
791 2264 954 2313 etiam
978 2267 1200 2313 tacente
1220 2276 1326 2320 me,
1351 2261 1572 2311 dubium
1593 2272 1703 2307 non
1724 2270 1850 2306 esse

256 2328 517 2380 arbitror.
586 2330 804 2380 Utinam
842 2328 1058 2395 quidem
1093 2334 1244 2377 esset
1271 2325 1510 2393 aliquid,
1547 2326 1604 2373 in
1643 2335 1750 2386 quo
1788 2320 1848 2371 id

252 2394 356 2446 tibi
375 2409 437 2445 re
458 2410 524 2446 ac
542 2395 708 2447 factis
728 2396 924 2446 testari
982 2409 1191 2443 assem:
1215 2392 1314 2443 sed
1325 2391 1540 2457 quando
1553 2389 1715 2438 aliter
1735 2401 1846 2457 non

253 2460 412 2523 licet,
452 2461 687 2524 curabo,
722 2461 815 2511 ubi
840 2410 976 2529 quis
1000 2461 1335 2525 scriptorum
1363 2471 1606 2507 meorum
1629 2453 1844 2513 edetur,

310 2545 349 2592 ¹)
380 2544 544 2598 Eurip.
565 2543 685 2585 Metl-
706 2544 801 2585 ⁹64.
820 2542 960 2585 Dind-

434 2618 485 2627 —
520 2597 689 2637 nsi-’m
700 2597 811 2642 δῶρα
826 2598 896 2635 καὶ
912 2592 1035 2641 θεοὺς
1052 2596 1182 2645 Λόγος-

310 2644 373 2699 ··)
402 2644 632 2697 Inteuigit
650 2646 758 2689 Vnr.
778 2644 935 2685 l’oem.
954 2642 993 2684 1.
1022 2647 1085 2686 Μ.
1110 2641 1172 2683 Cf
1203 2637 1290 2681 111.
1314 2642 1383 2681 52.
1399 2645 1450 2745 ¹ect
1469 2647 1536 2745 8²1.
