<?xml version="1.0" encoding="UTF-8"?>
<!DOCTYPE html PUBLIC "-//W3C//DTD XHTML 1.0 Transitional//EN"
    "http://www.w3.org/TR/xhtml1/DTD/xhtml1-transitional.dtd">
<html xmlns="http://www.w3.org/1999/xhtml" xml:lang="en" lang="en">
 <head>
  <title>
</title>
<meta http-equiv="Content-Type" content="text/html;charset=utf-8" />
  <meta name='ocr-system' content='tesseract 3.04.00' />
  <meta name='ocr-capabilities' content='ocr_page ocr_carea ocr_par ocr_line ocrx_word'/>
</head>
<body>
  <div class='ocr_page' id='page_1' title='image "./epistolae00unkngoog_0235.png"; bbox 0 0 2275 3025; ppageno 0'>
   <div class='ocr_carea' id='block_1_1' title="bbox 514 131 1880 187">
    <p class='ocr_par' dir='ltr' id='par_1_1' title="bbox 514 131 1880 187">
     <span class='ocr_line' id='line_1_1' title="bbox 514 131 1880 187; baseline 0.002 -4"><span class='ocrx_word' id='word_1_1' title='bbox 514 131 771 184; x_wconf 83' lang='lat' dir='ltr'><strong>EPIST.</strong></span> <span class='ocrx_word' id='word_1_2' title='bbox 811 131 964 183; x_wconf 79' lang='lat' dir='ltr'>Lm.</span> <span class='ocrx_word' id='word_1_3' title='bbox 1003 133 1111 186; x_wconf 77' lang='lat'><em>111.</em></span> <span class='ocrx_word' id='word_1_4' title='bbox 1148 133 1266 184; x_wconf 85' lang='grc' dir='ltr'>ΕΡ.</span> <span class='ocrx_word' id='word_1_5' title='bbox 1300 133 1431 185; x_wconf 79' lang='lat' dir='ltr'>XV.</span> <span class='ocrx_word' id='word_1_6' title='bbox 1471 134 1630 186; x_wconf 76' lang='lat' dir='ltr'>xvi.</span> <span class='ocrx_word' id='word_1_7' title='bbox 1779 137 1880 187; x_wconf 71' lang='lat'>22⁴(</span> 
     </span>
    </p>
   </div>
   <div class='ocr_carea' id='block_1_2' title="bbox 275 232 1882 615">
    <p class='ocr_par' dir='ltr' id='par_1_2' title="bbox 275 232 1882 615">
     <span class='ocr_line' id='line_1_2' title="bbox 276 232 1880 302; baseline 0.001 -17"><span class='ocrx_word' id='word_1_8' title='bbox 276 247 385 302; x_wconf 82' lang='lat' dir='ltr'>qua</span> <span class='ocrx_word' id='word_1_9' title='bbox 405 238 491 283; x_wconf 87' lang='lat' dir='ltr'>est</span> <span class='ocrx_word' id='word_1_10' title='bbox 511 248 579 284; x_wconf 85' lang='lat' dir='ltr'>ea</span> <span class='ocrx_word' id='word_1_11' title='bbox 597 233 797 300; x_wconf 77' lang='lat' dir='ltr'>gloria,</span> <span class='ocrx_word' id='word_1_12' title='bbox 834 232 1081 282; x_wconf 82' lang='lat' dir='ltr'><strong>intexam</strong></span> <span class='ocrx_word' id='word_1_13' title='bbox 1102 232 1313 297; x_wconf 84' lang='lat' dir='ltr'>aliquid</span> <span class='ocrx_word' id='word_1_14' title='bbox 1327 269 1344 293; x_wconf 94' lang='lat'>,</span> <span class='ocrx_word' id='word_1_15' title='bbox 1367 235 1512 298; x_wconf 81' lang='lat' dir='ltr'>quod</span> <span class='ocrx_word' id='word_1_16' title='bbox 1536 241 1777 300; x_wconf 79' lang='lat' dir='ltr'>posteris</span> <span class='ocrx_word' id='word_1_17' title='bbox 1799 242 1880 286; x_wconf 85' lang='lat' dir='ltr'>te-</span> 
     </span>
     <span class='ocr_line' id='line_1_3' title="bbox 276 297 1881 364; baseline -0.001 -13"><span class='ocrx_word' id='word_1_18' title='bbox 276 306 473 362; x_wconf 81' lang='lat' dir='ltr'>stetur,</span> <span class='ocrx_word' id='word_1_19' title='bbox 494 299 626 349; x_wconf 85' lang='lat' dir='ltr'>mihi</span> <span class='ocrx_word' id='word_1_20' title='bbox 652 314 773 348; x_wconf 83' lang='lat' dir='ltr'>cum</span> <span class='ocrx_word' id='word_1_21' title='bbox 795 297 1033 364; x_wconf 85' lang='lat' dir='ltr'>plurima</span> <span class='ocrx_word' id='word_1_22' title='bbox 1049 299 1209 349; x_wconf 82' lang='lat' dir='ltr'>vobis</span> <span class='ocrx_word' id='word_1_23' title='bbox 1230 297 1508 360; x_wconf 74' lang='lat' dir='ltr'>deberem,</span> <span class='ocrx_word' id='word_1_24' title='bbox 1529 315 1881 350; x_wconf 81' lang='lat' dir='ltr'>remuneran-</span> 
     </span>
     <span class='ocr_line' id='line_1_4' title="bbox 277 363 1881 425; baseline 0.001 -11"><span class='ocrx_word' id='word_1_25' title='bbox 277 366 332 414; x_wconf 91' lang='lat' dir='ltr'>di</span> <span class='ocrx_word' id='word_1_26' title='bbox 353 364 677 416; x_wconf 77' lang='lat' dir='ltr'><strong>facultatem</strong></span> <span class='ocrx_word' id='word_1_27' title='bbox 700 379 808 413; x_wconf 87' lang='lat' dir='ltr'>non</span> <span class='ocrx_word' id='word_1_28' title='bbox 832 363 1061 414; x_wconf 83' lang='lat' dir='ltr'>affuisse</span> <span class='ocrx_word' id='word_1_29' title='bbox 1077 400 1091 425; x_wconf 93' lang='lat'>,</span> <span class='ocrx_word' id='word_1_30' title='bbox 1126 366 1406 415; x_wconf 83' lang='lat' dir='ltr'>ornandae</span> <span class='ocrx_word' id='word_1_31' title='bbox 1429 380 1492 414; x_wconf 84' lang='lat' dir='ltr'>ac</span> <span class='ocrx_word' id='word_1_32' title='bbox 1515 366 1881 416; x_wconf 78' lang='lat' dir='ltr'>celebrandae</span> 
     </span>
     <span class='ocr_line' id='line_1_5' title="bbox 275 430 1881 482; baseline 0.002 -4"><span class='ocrx_word' id='word_1_33' title='bbox 275 432 499 482; x_wconf 80' lang='lat' dir='ltr'>virtutis</span> <span class='ocrx_word' id='word_1_34' title='bbox 520 439 739 480; x_wconf 83' lang='lat' dir='ltr'>vestrae</span> <span class='ocrx_word' id='word_1_35' title='bbox 762 430 1101 480; x_wconf 81' lang='lat' dir='ltr'>voluntatem</span> <span class='ocrx_word' id='word_1_36' title='bbox 1123 446 1233 480; x_wconf 88' lang='lat' dir='ltr'>non</span> <span class='ocrx_word' id='word_1_37' title='bbox 1255 431 1518 481; x_wconf 85' lang='lat' dir='ltr'>defuisse.</span> <span class='ocrx_word' id='word_1_38' title='bbox 1572 430 1729 482; x_wconf 84' lang='lat' dir='ltr'>Vale.</span> <span class='ocrx_word' id='word_1_39' title='bbox 1751 431 1881 481; x_wconf 86' lang='lat' dir='ltr'>Fra-</span> 
     </span>
     <span class='ocr_line' id='line_1_6' title="bbox 277 495 1882 562; baseline 0.001 -15"><span class='ocrx_word' id='word_1_40' title='bbox 277 497 455 548; x_wconf 81' lang='lat' dir='ltr'><strong>tribus</strong></span> <span class='ocrx_word' id='word_1_41' title='bbox 478 498 610 558; x_wconf 89' lang='lat' dir='ltr'>tuis,</span> <span class='ocrx_word' id='word_1_42' title='bbox 632 496 881 556; x_wconf 83' lang='lat' dir='ltr'>Canalio,</span> <span class='ocrx_word' id='word_1_43' title='bbox 901 495 1112 559; x_wconf 89' lang='lat' dir='ltr'>Lollio,</span> <span class='ocrx_word' id='word_1_44' title='bbox 1131 503 1262 562; x_wconf 80' lang='lat' dir='ltr'>peto</span> <span class='ocrx_word' id='word_1_45' title='bbox 1287 511 1320 546; x_wconf 90' lang='lat' dir='ltr'>a</span> <span class='ocrx_word' id='word_1_46' title='bbox 1340 504 1414 556; x_wconf 88' lang='lat' dir='ltr'>te,</span> <span class='ocrx_word' id='word_1_47' title='bbox 1436 504 1497 546; x_wconf 77' lang='lat' dir='ltr'>ut</span> <span class='ocrx_word' id='word_1_48' title='bbox 1515 511 1639 549; x_wconf 87' lang='lat' dir='ltr'>meo</span> <span class='ocrx_word' id='word_1_49' title='bbox 1659 499 1882 548; x_wconf 82' lang='lat' dir='ltr'>nomine</span> 
     </span>
     <span class='ocr_line' id='line_1_7' title="bbox 276 561 1704 615; baseline 0 -1"><span class='ocrx_word' id='word_1_50' title='bbox 276 565 515 614; x_wconf 87' lang='lat' dir='ltr'>salutem</span> <span class='ocrx_word' id='word_1_51' title='bbox 537 563 708 614; x_wconf 88' lang='lat' dir='ltr'>dicas.</span> <span class='ocrx_word' id='word_1_52' title='bbox 778 561 1005 614; x_wconf 86' lang='lat' dir='ltr'>Romae.</span> <span class='ocrx_word' id='word_1_53' title='bbox 1030 578 1109 613; x_wconf 80' lang='lat' dir='ltr'>iv.</span> <span class='ocrx_word' id='word_1_54' title='bbox 1130 563 1209 612; x_wconf 88' lang='lat' dir='ltr'>ld.</span> <span class='ocrx_word' id='word_1_55' title='bbox 1237 563 1432 613; x_wconf 84' lang='lat' dir='ltr'>Octob.</span> <span class='ocrx_word' id='word_1_56' title='bbox 1455 577 1704 615; x_wconf 69' lang='lat' dir='ltr'>nnnxvt.</span> 
     </span>
    </p>
   </div>
   <div class='ocr_carea' id='block_1_3' title="bbox 546 848 1610 985">
    <p class='ocr_par' dir='ltr' id='par_1_3' title="bbox 546 848 1610 985">
     <span class='ocr_line' id='line_1_8' title="bbox 684 848 1460 900; baseline 0 0"><span class='ocrx_word' id='word_1_57' title='bbox 684 848 843 900; x_wconf 85' lang='lat' dir='ltr'><strong>xvl.</strong></span> <span class='ocrx_word' id='word_1_58' title='bbox 886 863 1113 899; x_wconf 67' lang='lat' dir='ltr'>smmi</span> <span class='ocrx_word' id='word_1_59' title='bbox 1153 863 1460 900; x_wconf 53' lang='lat' dir='ltr'>sacua-ro</span> 
     </span>
     <span class='ocr_line' id='line_1_9' title="bbox 546 944 1610 985; baseline 0.003 -3"><span class='ocrx_word' id='word_1_60' title='bbox 546 947 752 982; x_wconf 60' lang='lat' dir='ltr'>amco</span> <span class='ocrx_word' id='word_1_61' title='bbox 798 945 1047 982; x_wconf 64' lang='lat' dir='ltr'>eximo</span> <span class='ocrx_word' id='word_1_62' title='bbox 1095 944 1610 985; x_wconf 41' lang='lat' dir='ltr'>acxsmuunfml.</span> 
     </span>
    </p>
   </div>
   <div class='ocr_carea' id='block_1_4' title="bbox 228 997 1886 2494">
    <p class='ocr_par' dir='ltr' id='par_1_4' title="bbox 228 997 1886 2494">
     <span class='ocr_line' id='line_1_10' title="bbox 345 997 1881 1100; baseline 0.003 -22"><span class='ocrx_word' id='word_1_63' title='bbox 345 997 447 1083; x_wconf 80' lang='lat' dir='ltr'>At</span> <span class='ocrx_word' id='word_1_64' title='bbox 466 1033 550 1082; x_wconf 84' lang='lat' dir='ltr'>ita.</span> <span class='ocrx_word' id='word_1_65' title='bbox 564 1031 699 1083; x_wconf 86' lang='lat' dir='ltr'>mihi</span> <span class='ocrx_word' id='word_1_66' title='bbox 720 1033 934 1094; x_wconf 84' lang='lat' dir='ltr'>omnia,</span> <span class='ocrx_word' id='word_1_67' title='bbox 964 1046 1106 1097; x_wconf 83' lang='lat' dir='ltr'>quae</span> <span class='ocrx_word' id='word_1_68' title='bbox 1128 1032 1289 1094; x_wconf 86' lang='lat' dir='ltr'>volo,</span> <span class='ocrx_word' id='word_1_69' title='bbox 1320 1034 1376 1082; x_wconf 84' lang='lat' dir='ltr'>in</span> <span class='ocrx_word' id='word_1_70' title='bbox 1397 1035 1512 1084; x_wconf 79' lang='lat' dir='ltr'>vita</span> <span class='ocrx_word' id='word_1_71' title='bbox 1538 1036 1881 1100; x_wconf 61' lang='lat' dir='ltr'>contingent,</span> 
     </span>
     <span class='ocr_line' id='line_1_11' title="bbox 280 1098 1881 1166; baseline -0.001 -15"><span class='ocrx_word' id='word_1_72' title='bbox 280 1100 507 1152; x_wconf 77' lang='lat' dir='ltr'>Sacrate</span> <span class='ocrx_word' id='word_1_73' title='bbox 532 1101 737 1164; x_wconf 83' lang='lat' dir='ltr'>optime</span> <span class='ocrx_word' id='word_1_74' title='bbox 766 1105 823 1149; x_wconf 91' lang='lat' dir='ltr'>et</span> <span class='ocrx_word' id='word_1_75' title='bbox 843 1098 1267 1160; x_wconf 79' lang='lat' dir='ltr'>humanissime,</span> <span class='ocrx_word' id='word_1_76' title='bbox 1297 1105 1357 1148; x_wconf 84' lang='lat' dir='ltr'>ut</span> <span class='ocrx_word' id='word_1_77' title='bbox 1385 1114 1492 1166; x_wconf 85' lang='lat' dir='ltr'>ego</span> <span class='ocrx_word' id='word_1_78' title='bbox 1523 1101 1690 1152; x_wconf 87' lang='lat' dir='ltr'>simul</span> <span class='ocrx_word' id='word_1_79' title='bbox 1715 1107 1881 1166; x_wconf 87' lang='lat' dir='ltr'>atque</span> 
     </span>
     <span class='ocr_line' id='line_1_12' title="bbox 276 1164 1882 1218; baseline 0 -2"><span class='ocrx_word' id='word_1_80' title='bbox 276 1167 545 1217; x_wconf 80' lang='lat' dir='ltr'>liberatus</span> <span class='ocrx_word' id='word_1_81' title='bbox 566 1181 686 1215; x_wconf 88' lang='lat' dir='ltr'>sum</span> <span class='ocrx_word' id='word_1_82' title='bbox 708 1179 777 1214; x_wconf 86' lang='lat' dir='ltr'>ea</span> <span class='ocrx_word' id='word_1_83' title='bbox 802 1180 937 1216; x_wconf 85' lang='lat' dir='ltr'>cura</span> <span class='ocrx_word' id='word_1_84' title='bbox 970 1166 1244 1217; x_wconf 84' lang='lat' dir='ltr'>orationis</span> <span class='ocrx_word' id='word_1_85' title='bbox 1275 1164 1560 1218; x_wconf 80' lang='lat' dir='ltr'>habendae</span> <span class='ocrx_word' id='word_1_86' title='bbox 1591 1166 1662 1216; x_wconf 83' lang='lat' dir='ltr'>ad</span> <span class='ocrx_word' id='word_1_87' title='bbox 1691 1166 1882 1216; x_wconf 83' lang='lat' dir='ltr'>Ponti-</span> 
     </span>
     <span class='ocr_line' id='line_1_13' title="bbox 279 1232 1880 1299; baseline 0 -15"><span class='ocrx_word' id='word_1_88' title='bbox 279 1235 603 1298; x_wconf 71' lang='lat' dir='ltr'>ficen1‚quae</span> <span class='ocrx_word' id='word_1_89' title='bbox 625 1247 712 1280; x_wconf 86' lang='lat' dir='ltr'>me</span> <span class='ocrx_word' id='word_1_90' title='bbox 727 1237 837 1281; x_wconf 81' lang='lat' dir='ltr'>tam</span> <span class='ocrx_word' id='word_1_91' title='bbox 852 1232 1057 1282; x_wconf 88' lang='lat' dir='ltr'>multos</span> <span class='ocrx_word' id='word_1_92' title='bbox 1073 1233 1194 1282; x_wconf 88' lang='lat' dir='ltr'>dies</span> <span class='ocrx_word' id='word_1_93' title='bbox 1205 1239 1531 1299; x_wconf 85' lang='lat' dir='ltr'>occupatum</span> <span class='ocrx_word' id='word_1_94' title='bbox 1545 1233 1880 1284; x_wconf 84' lang='lat' dir='ltr'>districtum-</span> 
     </span>
     <span class='ocr_line' id='line_1_14' title="bbox 280 1298 1880 1366; baseline 0.001 -17"><span class='ocrx_word' id='word_1_95' title='bbox 280 1315 387 1366; x_wconf 87' lang='lat' dir='ltr'>que</span> <span class='ocrx_word' id='word_1_96' title='bbox 408 1298 975 1362; x_wconf 82' lang='lat' dir='ltr'>teuuerat,.litte1·as*)</span> <span class='ocrx_word' id='word_1_97' title='bbox 1000 1298 1069 1348; x_wconf 84' lang='lat' dir='ltr'>ad</span> <span class='ocrx_word' id='word_1_98' title='bbox 1098 1305 1153 1350; x_wconf 85' lang='lat' dir='ltr'>te</span> <span class='ocrx_word' id='word_1_99' title='bbox 1175 1299 1336 1361; x_wconf 85' lang='lat' dir='ltr'>dedi,</span> <span class='ocrx_word' id='word_1_100' title='bbox 1365 1301 1564 1366; x_wconf 88' lang='lat' dir='ltr'>quibus</span> <span class='ocrx_word' id='word_1_101' title='bbox 1595 1307 1652 1351; x_wconf 86' lang='lat' dir='ltr'>et</span> <span class='ocrx_word' id='word_1_102' title='bbox 1681 1317 1880 1352; x_wconf 76' lang='lat' dir='ltr'>causas</span> 
     </span>
     <span class='ocr_line' id='line_1_15' title="bbox 228 1365 1879 1427; baseline 0.001 -12"><span class='ocrx_word' id='word_1_103' title='bbox 228 1409 243 1421; x_wconf 45' lang='grc' dir='ltr'>ι</span> <span class='ocrx_word' id='word_1_104' title='bbox 278 1365 581 1416; x_wconf 76' lang='lat' dir='ltr'>afferebam</span> <span class='ocrx_word' id='word_1_105' title='bbox 600 1365 751 1417; x_wconf 85' lang='lat' dir='ltr'>illius</span> <span class='ocrx_word' id='word_1_106' title='bbox 776 1365 1021 1416; x_wconf 86' lang='lat' dir='ltr'>diuturni</span> <span class='ocrx_word' id='word_1_107' title='bbox 1041 1366 1249 1416; x_wconf 86' lang='lat' dir='ltr'>silentii</span> <span class='ocrx_word' id='word_1_108' title='bbox 1271 1367 1398 1427; x_wconf 90' lang='lat' dir='ltr'>mei,</span> <span class='ocrx_word' id='word_1_109' title='bbox 1417 1374 1476 1418; x_wconf 84' lang='lat' dir='ltr'>et</span> <span class='ocrx_word' id='word_1_110' title='bbox 1497 1383 1596 1418; x_wconf 85' lang='lat' dir='ltr'>cur</span> <span class='ocrx_word' id='word_1_111' title='bbox 1615 1370 1736 1419; x_wconf 89' lang='lat' dir='ltr'>eius</span> <span class='ocrx_word' id='word_1_112' title='bbox 1758 1383 1879 1418; x_wconf 87' lang='lat' dir='ltr'>ora-</span> 
     </span>
     <span class='ocr_line' id='line_1_16' title="bbox 279 1433 1878 1500; baseline 0.002 -18"><span class='ocrx_word' id='word_1_113' title='bbox 279 1433 447 1483; x_wconf 83' lang='lat' dir='ltr'>tionis</span> <span class='ocrx_word' id='word_1_114' title='bbox 468 1433 779 1498; x_wconf 84' lang='lat' dir='ltr'>exemplum</span> <span class='ocrx_word' id='word_1_115' title='bbox 798 1469 814 1494; x_wconf 92' lang='lat'>,</span> <span class='ocrx_word' id='word_1_116' title='bbox 854 1449 977 1482; x_wconf 88' lang='lat' dir='ltr'>cum</span> <span class='ocrx_word' id='word_1_117' title='bbox 996 1434 1233 1484; x_wconf 85' lang='lat' dir='ltr'>maxime</span> <span class='ocrx_word' id='word_1_118' title='bbox 1261 1449 1552 1500; x_wconf 77' lang='lat' dir='ltr'>cuperem,</span> <span class='ocrx_word' id='word_1_119' title='bbox 1589 1441 1777 1486; x_wconf 84' lang='lat' dir='ltr'>tamen</span> <span class='ocrx_word' id='word_1_120' title='bbox 1809 1435 1878 1485; x_wconf 86' lang='lat' dir='ltr'>ad</span> 
     </span>
     <span class='ocr_line' id='line_1_17' title="bbox 279 1497 1882 1567; baseline 0.001 -16"><span class='ocrx_word' id='word_1_121' title='bbox 279 1505 335 1551; x_wconf 74' lang='lat' dir='ltr'>te</span> <span class='ocrx_word' id='word_1_122' title='bbox 362 1499 581 1550; x_wconf 78' lang='lat' dir='ltr'>mittere</span> <span class='ocrx_word' id='word_1_123' title='bbox 609 1497 789 1567; x_wconf 78' lang='lat' dir='ltr'>adhuc</span> <span class='ocrx_word' id='word_1_124' title='bbox 817 1517 925 1551; x_wconf 87' lang='lat' dir='ltr'>non</span> <span class='ocrx_word' id='word_1_125' title='bbox 955 1516 1207 1566; x_wconf 84' lang='lat' dir='ltr'>possem,</span> <span class='ocrx_word' id='word_1_126' title='bbox 1226 1501 1562 1565; x_wconf 75' lang='lat' dir='ltr'>aperiebam.</span> <span class='ocrx_word' id='word_1_127' title='bbox 1630 1501 1788 1553; x_wconf 89' lang='lat' dir='ltr'>Nunc</span> <span class='ocrx_word' id='word_1_128' title='bbox 1810 1503 1882 1553; x_wconf 82' lang='lat' dir='ltr'>ad</span> 
     </span>
     <span class='ocr_line' id='line_1_18' title="bbox 280 1566 1880 1632; baseline 0.002 -16"><span class='ocrx_word' id='word_1_129' title='bbox 280 1566 405 1616; x_wconf 89' lang='lat' dir='ltr'>alia.</span> <span class='ocrx_word' id='word_1_130' title='bbox 476 1566 617 1632; x_wconf 86' lang='lat' dir='ltr'>Ego,</span> <span class='ocrx_word' id='word_1_131' title='bbox 639 1567 711 1616; x_wconf 88' lang='lat' dir='ltr'>mi</span> <span class='ocrx_word' id='word_1_132' title='bbox 737 1566 992 1628; x_wconf 82' lang='lat' dir='ltr'>Sacrate,</span> <span class='ocrx_word' id='word_1_133' title='bbox 1024 1568 1129 1616; x_wconf 86' lang='lat' dir='ltr'>nisi</span> <span class='ocrx_word' id='word_1_134' title='bbox 1158 1576 1214 1617; x_wconf 88' lang='lat' dir='ltr'>te</span> <span class='ocrx_word' id='word_1_135' title='bbox 1236 1574 1294 1617; x_wconf 86' lang='lat' dir='ltr'>et</span> <span class='ocrx_word' id='word_1_136' title='bbox 1310 1566 1514 1618; x_wconf 83' lang='lat' dir='ltr'>fratres</span> <span class='ocrx_word' id='word_1_137' title='bbox 1535 1576 1684 1629; x_wconf 77' lang='lat' dir='ltr'>tuos,</span> <span class='ocrx_word' id='word_1_138' title='bbox 1706 1568 1880 1619; x_wconf 86' lang='lat' dir='ltr'>homi-</span> 
     </span>
     <span class='ocr_line' id='line_1_19' title="bbox 276 1630 1884 1698; baseline -0.001 -13"><span class='ocrx_word' id='word_1_139' title='bbox 276 1648 377 1685; x_wconf 85' lang='lat' dir='ltr'>nes</span> <span class='ocrx_word' id='word_1_140' title='bbox 399 1632 738 1698; x_wconf 76' lang='lat' dir='ltr'>humanitate</span> <span class='ocrx_word' id='word_1_141' title='bbox 754 1668 767 1693; x_wconf 88' lang='lat'>,</span> <span class='ocrx_word' id='word_1_142' title='bbox 791 1630 1081 1692; x_wconf 80' lang='lat' dir='ltr'>comitate,</span> <span class='ocrx_word' id='word_1_143' title='bbox 1110 1633 1260 1682; x_wconf 84' lang='lat' dir='ltr'>omni</span> <span class='ocrx_word' id='word_1_144' title='bbox 1287 1633 1524 1697; x_wconf 87' lang='lat' dir='ltr'>denique</span> <span class='ocrx_word' id='word_1_145' title='bbox 1552 1633 1756 1683; x_wconf 79' lang='lat' dir='ltr'>virtute</span> <span class='ocrx_word' id='word_1_146' title='bbox 1776 1634 1884 1683; x_wconf 82' lang='lat' dir='ltr'>tibi</span> 
     </span>
     <span class='ocr_line' id='line_1_20' title="bbox 278 1696 1883 1765; baseline 0 -17"><span class='ocrx_word' id='word_1_147' title='bbox 278 1701 562 1765; x_wconf 86' lang='lat' dir='ltr'>geminos,</span> <span class='ocrx_word' id='word_1_148' title='bbox 599 1704 883 1761; x_wconf 82' lang='lat' dir='ltr'>totamque</span> <span class='ocrx_word' id='word_1_149' title='bbox 916 1712 1028 1746; x_wconf 87' lang='lat' dir='ltr'>uno</span> <span class='ocrx_word' id='word_1_150' title='bbox 1056 1696 1228 1745; x_wconf 75' lang='lat' dir='ltr'>verbo</span> <span class='ocrx_word' id='word_1_151' title='bbox 1258 1698 1480 1746; x_wconf 87' lang='lat' dir='ltr'>domum</span> <span class='ocrx_word' id='word_1_152' title='bbox 1510 1704 1750 1748; x_wconf 73' lang='lat' dir='ltr'>vestram</span> <span class='ocrx_word' id='word_1_153' title='bbox 1770 1714 1883 1749; x_wconf 85' lang='lat' dir='ltr'>non</span> 
     </span>
     <span class='ocr_line' id='line_1_21' title="bbox 278 1762 1883 1831; baseline 0 -17"><span class='ocrx_word' id='word_1_154' title='bbox 278 1779 457 1815; x_wconf 84' lang='lat' dir='ltr'>amem</span> <span class='ocrx_word' id='word_1_155' title='bbox 477 1764 667 1822; x_wconf 90' lang='lat' dir='ltr'>modo,</span> <span class='ocrx_word' id='word_1_156' title='bbox 703 1764 801 1812; x_wconf 90' lang='lat' dir='ltr'>sed</span> <span class='ocrx_word' id='word_1_157' title='bbox 820 1764 999 1812; x_wconf 88' lang='lat' dir='ltr'>colam</span> <span class='ocrx_word' id='word_1_158' title='bbox 1022 1762 1188 1810; x_wconf 86' lang='lat' dir='ltr'>etiam</span> <span class='ocrx_word' id='word_1_159' title='bbox 1211 1769 1268 1811; x_wconf 91' lang='lat' dir='ltr'>et</span> <span class='ocrx_word' id='word_1_160' title='bbox 1287 1762 1600 1824; x_wconf 84' lang='lat' dir='ltr'>observem,</span> <span class='ocrx_word' id='word_1_161' title='bbox 1625 1770 1682 1813; x_wconf 89' lang='lat' dir='ltr'>et</span> <span class='ocrx_word' id='word_1_162' title='bbox 1700 1764 1883 1831; x_wconf 84' lang='lat' dir='ltr'>ingra-</span> 
     </span>
     <span class='ocr_line' id='line_1_22' title="bbox 276 1826 1882 1894; baseline 0.001 -13"><span class='ocrx_word' id='word_1_163' title='bbox 276 1840 393 1881; x_wconf 88' lang='lat' dir='ltr'>tum</span> <span class='ocrx_word' id='word_1_164' title='bbox 429 1844 518 1879; x_wconf 88' lang='lat' dir='ltr'>me</span> <span class='ocrx_word' id='word_1_165' title='bbox 555 1837 612 1879; x_wconf 85' lang='lat' dir='ltr'>et</span> <span class='ocrx_word' id='word_1_166' title='bbox 644 1826 883 1880; x_wconf 87' lang='lat' dir='ltr'>hominis</span> <span class='ocrx_word' id='word_1_167' title='bbox 917 1828 1139 1878; x_wconf 89' lang='lat' dir='ltr'>nomine</span> <span class='ocrx_word' id='word_1_168' title='bbox 1187 1828 1474 1894; x_wconf 81' lang='lat' dir='ltr'>indignum</span> <span class='ocrx_word' id='word_1_169' title='bbox 1520 1844 1644 1880; x_wconf 88' lang='lat' dir='ltr'>esse</span> <span class='ocrx_word' id='word_1_170' title='bbox 1683 1829 1882 1883; x_wconf 76' lang='lat' dir='ltr'>fatear.-</span> 
     </span>
     <span class='ocr_line' id='line_1_23' title="bbox 277 1893 1883 1963; baseline 0 -16"><span class='ocrx_word' id='word_1_171' title='bbox 277 1898 363 1947; x_wconf 85' lang='lat' dir='ltr'>Ex</span> <span class='ocrx_word' id='word_1_172' title='bbox 385 1912 491 1963; x_wconf 92' lang='lat' dir='ltr'>quo</span> <span class='ocrx_word' id='word_1_173' title='bbox 515 1896 658 1946; x_wconf 87' lang='lat' dir='ltr'>enim</span> <span class='ocrx_word' id='word_1_174' title='bbox 683 1909 768 1945; x_wconf 89' lang='lat' dir='ltr'>me</span> <span class='ocrx_word' id='word_1_175' title='bbox 791 1893 861 1944; x_wconf 89' lang='lat' dir='ltr'>ad</span> <span class='ocrx_word' id='word_1_176' title='bbox 882 1895 1180 1945; x_wconf 86' lang='lat' dir='ltr'>amicitiam</span> <span class='ocrx_word' id='word_1_177' title='bbox 1202 1901 1351 1945; x_wconf 81' lang='lat' dir='ltr'>tuam</span> <span class='ocrx_word' id='word_1_178' title='bbox 1369 1894 1626 1962; x_wconf 83' lang='lat' dir='ltr'>applicui,</span> <span class='ocrx_word' id='word_1_179' title='bbox 1647 1897 1729 1947; x_wconf 85' lang='lat' dir='ltr'>ita</span> <span class='ocrx_word' id='word_1_180' title='bbox 1746 1896 1883 1947; x_wconf 86' lang='lat' dir='ltr'>mihi</span> 
     </span>
     <span class='ocr_line' id='line_1_24' title="bbox 278 1962 1882 2027; baseline 0.001 -14"><span class='ocrx_word' id='word_1_181' title='bbox 278 1969 467 2015; x_wconf 77' lang='lat' dir='ltr'>vestra</span> <span class='ocrx_word' id='word_1_182' title='bbox 490 1962 674 2011; x_wconf 89' lang='lat' dir='ltr'>omnia</span> <span class='ocrx_word' id='word_1_183' title='bbox 696 1967 1014 2027; x_wconf 83' lang='lat' dir='ltr'>patuerunt,</span> <span class='ocrx_word' id='word_1_184' title='bbox 1042 1968 1105 2011; x_wconf 90' lang='lat' dir='ltr'>ut</span> <span class='ocrx_word' id='word_1_185' title='bbox 1133 1962 1294 2027; x_wconf 87' lang='lat' dir='ltr'>plane</span> <span class='ocrx_word' id='word_1_186' title='bbox 1324 1976 1451 2027; x_wconf 85' lang='lat' dir='ltr'>pers</span> <span class='ocrx_word' id='word_1_187' title='bbox 1492 1963 1725 2026; x_wconf 84' lang='lat' dir='ltr'>icerem,</span> <span class='ocrx_word' id='word_1_188' title='bbox 1758 1980 1882 2015; x_wconf 88' lang='lat' dir='ltr'>cum</span> 
     </span>
     <span class='ocr_line' id='line_1_25' title="bbox 278 2027 1881 2092; baseline 0.001 -13"><span class='ocrx_word' id='word_1_189' title='bbox 278 2032 427 2079; x_wconf 84' lang='lat' dir='ltr'>inter</span> <span class='ocrx_word' id='word_1_190' title='bbox 446 2043 562 2090; x_wconf 83' lang='lat' dir='ltr'>vos,</span> <span class='ocrx_word' id='word_1_191' title='bbox 584 2034 645 2077; x_wconf 76' lang='lat' dir='ltr'>ut</span> <span class='ocrx_word' id='word_1_192' title='bbox 666 2038 721 2077; x_wconf 88' lang='lat' dir='ltr'>et</span> <span class='ocrx_word' id='word_1_193' title='bbox 741 2027 940 2078; x_wconf 79' lang='lat' dir='ltr'>fratres</span> <span class='ocrx_word' id='word_1_194' title='bbox 970 2034 1027 2077; x_wconf 87' lang='lat' dir='ltr'>et</span> <span class='ocrx_word' id='word_1_195' title='bbox 1053 2028 1196 2079; x_wconf 86' lang='lat' dir='ltr'>tales</span> <span class='ocrx_word' id='word_1_196' title='bbox 1228 2028 1430 2081; x_wconf 78' lang='lat' dir='ltr'>fratres</span> <span class='ocrx_word' id='word_1_197' title='bbox 1490 2037 1640 2092; x_wconf 88' lang='lat' dir='ltr'>ecet,</span> <span class='ocrx_word' id='word_1_198' title='bbox 1667 2032 1881 2084; x_wconf 88' lang='lat' dir='ltr'>amicis-</span> 
     </span>
     <span class='ocr_line' id='line_1_26' title="bbox 280 2094 1885 2162; baseline 0 -16"><span class='ocrx_word' id='word_1_199' title='bbox 280 2097 404 2147; x_wconf 85' lang='lat' dir='ltr'>simi</span> <span class='ocrx_word' id='word_1_200' title='bbox 430 2101 486 2144; x_wconf 83' lang='lat' dir='ltr'>et</span> <span class='ocrx_word' id='word_1_201' title='bbox 500 2094 937 2144; x_wconf 87' lang='lat' dir='ltr'>coniunctissimi</span> <span class='ocrx_word' id='word_1_202' title='bbox 954 2096 1095 2158; x_wconf 73' lang='lat' dir='ltr'>sitis,</span> <span class='ocrx_word' id='word_1_203' title='bbox 1110 2096 1204 2145; x_wconf 79' lang='lat' dir='ltr'>vix</span> <span class='ocrx_word' id='word_1_204' title='bbox 1215 2100 1396 2145; x_wconf 85' lang='lat' dir='ltr'>tamen</span> <span class='ocrx_word' id='word_1_205' title='bbox 1413 2111 1537 2147; x_wconf 89' lang='lat' dir='ltr'>esse</span> <span class='ocrx_word' id='word_1_206' title='bbox 1556 2112 1885 2162; x_wconf 86' lang='lat' dir='ltr'>quemquam</span> 
     </span>
     <span class='ocr_line' id='line_1_27' title="bbox 282 2161 1882 2227; baseline -0.001 -14"><span class='ocrx_word' id='word_1_207' title='bbox 282 2178 350 2213; x_wconf 79' lang='lat' dir='ltr'>ex</span> <span class='ocrx_word' id='word_1_208' title='bbox 371 2162 531 2211; x_wconf 85' lang='lat' dir='ltr'>vobis</span> <span class='ocrx_word' id='word_1_209' title='bbox 554 2161 745 2221; x_wconf 75' lang='lat' dir='ltr'>alteri,</span> <span class='ocrx_word' id='word_1_210' title='bbox 781 2164 937 2225; x_wconf 84' lang='lat' dir='ltr'>quam</span> <span class='ocrx_word' id='word_1_211' title='bbox 958 2175 1047 2210; x_wconf 90' lang='lat' dir='ltr'>me</span> <span class='ocrx_word' id='word_1_212' title='bbox 1069 2163 1322 2213; x_wconf 87' lang='lat' dir='ltr'>omnibus</span> <span class='ocrx_word' id='word_1_213' title='bbox 1349 2164 1642 2213; x_wconf 80' lang='lat' dir='ltr'>cariorem.</span> <span class='ocrx_word' id='word_1_214' title='bbox 1711 2162 1882 2227; x_wconf 83' lang='lat' dir='ltr'>quue</span> 
     </span>
     <span class='ocr_line' id='line_1_28' title="bbox 280 2226 1882 2293; baseline -0.001 -14"><span class='ocrx_word' id='word_1_215' title='bbox 280 2244 351 2279; x_wconf 88' lang='lat' dir='ltr'>eo</span> <span class='ocrx_word' id='word_1_216' title='bbox 371 2228 549 2278; x_wconf 85' lang='lat' dir='ltr'>maius</span> <span class='ocrx_word' id='word_1_217' title='bbox 572 2226 703 2277; x_wconf 83' lang='lat' dir='ltr'>mihi</span> <span class='ocrx_word' id='word_1_218' title='bbox 725 2234 889 2293; x_wconf 84' lang='lat' dir='ltr'>atque</span> <span class='ocrx_word' id='word_1_219' title='bbox 910 2226 1292 2277; x_wconf 80' lang='lat' dir='ltr'>admirabilius</span> <span class='ocrx_word' id='word_1_220' title='bbox 1311 2230 1546 2289; x_wconf 80' lang='lat' dir='ltr'>videtur,</span> <span class='ocrx_word' id='word_1_221' title='bbox 1560 2228 1707 2293; x_wconf 85' lang='lat' dir='ltr'>quod</span> <span class='ocrx_word' id='word_1_222' title='bbox 1728 2229 1882 2279; x_wconf 85' lang='lat' dir='ltr'>nullo</span> 
     </span>
     <span class='ocr_line' id='line_1_29' title="bbox 280 2294 1886 2359; baseline 0 -14"><span class='ocrx_word' id='word_1_223' title='bbox 280 2310 405 2345; x_wconf 89' lang='lat' dir='ltr'>meo</span> <span class='ocrx_word' id='word_1_224' title='bbox 427 2294 484 2343; x_wconf 85' lang='lat' dir='ltr'>in</span> <span class='ocrx_word' id='word_1_225' title='bbox 505 2309 604 2344; x_wconf 80' lang='lat' dir='ltr'>vos</span> <span class='ocrx_word' id='word_1_226' title='bbox 625 2295 827 2343; x_wconf 82' lang='lat' dir='ltr'>merito</span> <span class='ocrx_word' id='word_1_227' title='bbox 848 2295 1167 2359; x_wconf 79' lang='lat' dir='ltr'>provocati,</span> <span class='ocrx_word' id='word_1_228' title='bbox 1201 2302 1356 2344; x_wconf 74' lang='lat' dir='ltr'>tanta</span> <span class='ocrx_word' id='word_1_229' title='bbox 1381 2309 1467 2344; x_wconf 89' lang='lat' dir='ltr'>me</span> <span class='ocrx_word' id='word_1_230' title='bbox 1489 2294 1886 2345; x_wconf 79' lang='lat' dir='ltr'>benevolentia</span> 
     </span>
     <span class='ocr_line' id='line_1_30' title="bbox 281 2360 1884 2428; baseline 0.001 -16"><span class='ocrx_word' id='word_1_231' title='bbox 281 2362 555 2428; x_wconf 73' lang='lat' dir='ltr'>complexi</span> <span class='ocrx_word' id='word_1_232' title='bbox 579 2361 733 2421; x_wconf 88' lang='lat' dir='ltr'>estis,</span> <span class='ocrx_word' id='word_1_233' title='bbox 756 2366 817 2410; x_wconf 89' lang='lat' dir='ltr'>ut</span> <span class='ocrx_word' id='word_1_234' title='bbox 838 2360 998 2425; x_wconf 83' lang='lat' dir='ltr'>plane</span> <span class='ocrx_word' id='word_1_235' title='bbox 1020 2361 1330 2427; x_wconf 84' lang='lat' dir='ltr'>cognorim,</span> <span class='ocrx_word' id='word_1_236' title='bbox 1351 2375 1540 2411; x_wconf 82' lang='lat' dir='ltr'>verum</span> <span class='ocrx_word' id='word_1_237' title='bbox 1565 2374 1709 2420; x_wconf 86' lang='lat' dir='ltr'>esse,</span> <span class='ocrx_word' id='word_1_238' title='bbox 1734 2361 1884 2427; x_wconf 86' lang='lat' dir='ltr'>quod</span> 
     </span>
     <span class='ocr_line' id='line_1_31' title="bbox 281 2425 1886 2494; baseline -0.001 -16"><span class='ocrx_word' id='word_1_239' title='bbox 281 2442 315 2478; x_wconf 82' lang='lat' dir='ltr'>a</span> <span class='ocrx_word' id='word_1_240' title='bbox 358 2428 785 2494; x_wconf 84' lang='lat' dir='ltr'>sapientissimis</span> <span class='ocrx_word' id='word_1_241' title='bbox 826 2425 1141 2478; x_wconf 87' lang='lat' dir='ltr'>hominibus</span> <span class='ocrx_word' id='word_1_242' title='bbox 1183 2428 1390 2477; x_wconf 79' lang='lat' dir='ltr'>dictum</span> <span class='ocrx_word' id='word_1_243' title='bbox 1426 2440 1775 2493; x_wconf 80' lang='lat' dir='ltr'>acceperam,</span> <span class='ocrx_word' id='word_1_244' title='bbox 1824 2436 1886 2478; x_wconf 85' lang='lat' dir='ltr'>ut</span> 
     </span>
    </p>
   </div>
   <div class='ocr_carea' id='block_1_5' title="bbox 283 2525 1886 2753">
    <p class='ocr_par' dir='ltr' id='par_1_5' title="bbox 283 2525 1886 2753">
     <span class='ocr_line' id='line_1_32' title="bbox 337 2525 1882 2580; baseline -0.001 -11"><span class='ocrx_word' id='word_1_245' title='bbox 337 2526 379 2579; x_wconf 82' lang='lat'>⁸)</span> <span class='ocrx_word' id='word_1_246' title='bbox 409 2527 502 2569; x_wconf 78' lang='lat' dir='ltr'>Eas</span> <span class='ocrx_word' id='word_1_247' title='bbox 522 2541 645 2576; x_wconf 77' lang='lat' dir='ltr'>esse.</span> <span class='ocrx_word' id='word_1_248' title='bbox 676 2540 789 2580; x_wconf 83' lang='lat' dir='ltr'>qnae</span> <span class='ocrx_word' id='word_1_249' title='bbox 812 2525 885 2567; x_wconf 85' lang='lat' dir='ltr'>hic</span> <span class='ocrx_word' id='word_1_250' title='bbox 905 2527 1115 2579; x_wconf 80' lang='lat' dir='ltr'>proxime</span> <span class='ocrx_word' id='word_1_251' title='bbox 1136 2526 1431 2574; x_wconf 81' lang='lat' dir='ltr'>antecedunt,</span> <span class='ocrx_word' id='word_1_252' title='bbox 1450 2538 1526 2567; x_wconf 80' lang='lat' dir='ltr'>res</span> <span class='ocrx_word' id='word_1_253' title='bbox 1545 2527 1558 2567; x_wconf 91' lang='lat' dir='ltr'>i</span> <span class='ocrx_word' id='word_1_254' title='bbox 1565 2540 1650 2579; x_wconf 74' lang='lat' dir='ltr'>pn</span> <span class='ocrx_word' id='word_1_255' title='bbox 1670 2526 1882 2578; x_wconf 70' lang='lat' dir='ltr'>loquitur.</span> 
     </span>
     <span class='ocr_line' id='line_1_33' title="bbox 284 2580 1886 2637; baseline -0.003 -11"><span class='ocrx_word' id='word_1_256' title='bbox 284 2584 431 2631; x_wconf 70' lang='lat' dir='ltr'>Quini-e</span> <span class='ocrx_word' id='word_1_257' title='bbox 450 2598 609 2625; x_wconf 78' lang='lat' dir='ltr'>annum</span> <span class='ocrx_word' id='word_1_258' title='bbox 634 2582 739 2625; x_wconf 77' lang='lat' dir='ltr'>huic</span> <span class='ocrx_word' id='word_1_259' title='bbox 759 2580 987 2636; x_wconf 73' lang='lat' dir='ltr'>epistolae</span> <span class='ocrx_word' id='word_1_260' title='bbox 1010 2582 1218 2625; x_wconf 75' lang='lat' dir='ltr'>dedimus</span> <span class='ocrx_word' id='word_1_261' title='bbox 1237 2582 1441 2629; x_wconf 83' lang='lat' dir='ltr'>eundem,</span> <span class='ocrx_word' id='word_1_262' title='bbox 1458 2595 1586 2635; x_wconf 82' lang='lat' dir='ltr'>quem</span> <span class='ocrx_word' id='word_1_263' title='bbox 1606 2580 1886 2637; x_wconf 78' lang='lat' dir='ltr'>praeceden-</span> 
     </span>
     <span class='ocr_line' id='line_1_34' title="bbox 283 2637 611 2683; baseline 0.012 -5"><span class='ocrx_word' id='word_1_264' title='bbox 283 2637 335 2679; x_wconf 79' lang='lat' dir='ltr'>ti.</span> <span class='ocrx_word' id='word_1_265' title='bbox 400 2638 611 2683; x_wconf 69' lang='lat' dir='ltr'>Thomas.</span> 
     </span>
     <span class='ocr_line' id='line_1_35' title="bbox 1436 2702 1550 2753; baseline 0 0"><span class='ocrx_word' id='word_1_266' title='bbox 1436 2702 1480 2753; x_wconf 89' lang='lat' dir='ltr'>P</span> <span class='ocrx_word' id='word_1_267' title='bbox 1517 2706 1550 2753; x_wconf 80' lang='lat'>2</span> 
     </span>
    </p>
   </div>
  </div>
 </body>
</html>
