2275 3025
653 163 913 218 EPIST.
950 165 1107 220 LlB.
1145 169 1220 220 11.
1258 170 1372 222 ΕΡ.
1409 170 1476 222 V.
1764 174 1857 226 155

268 283 469 320 anuum
500 260 615 327 (σὺν
648 266 756 312 θεῶ
780 260 825 312 δ’
848 263 1173 331 deviatione&
1213 269 1348 322 mihi
1375 271 1614 322 faustum
1649 287 1714 322 ac
1737 272 1856 324 foli-

271 349 388 385 cem
408 333 551 384 fore.
622 330 839 382 Deinde
861 337 1077 382 tentare
1100 335 1370 397 volebam,
1393 353 1516 388 num
1539 337 1686 404 quid,
1711 345 1860 388 ante·

242 447 255 454 ,
272 415 433 465 quam
452 397 837 457 rescriberem,
858 398 927 458 de
949 398 1153 461 Gellio,
1177 402 1338 467 quale
1359 409 1418 466 tu
1437 405 1590 470 cupis
1604 439 1620 464 ‚
1642 404 1860 454 efficere

273 480 335 515 uc
355 471 641 530 praestare
662 477 899 528 possem.
973 463 1083 515 Sed
1104 464 1244 517 nihil
1260 467 1438 519 adhuc
1456 475 1732 535 repertum
1754 476 1858 530 est,

273 531 419 597 quod
444 530 663 596 quidem
697 529 771 579 sit
790 530 974 596 magni
994 533 1176 597 pretii.
1251 533 1390 598 Spes
1409 533 1588 584 adhuc
1608 549 1716 584 una
1731 535 1858 586 reli-

271 611 379 664 qua
398 602 484 646 est
500 631 515 657 ,
532 597 589 646 iu
608 593 951 647 bibliotheca
972 597 1341 650 cardinalium
1362 600 1610 651 Farnesii
1633 608 1690 650 et
1709 599 1860 652 Sfor-

274 677 401 724 zae,
430 677 565 727 quas
596 661 835 711 nondum
868 665 1111 714 excussi:
1149 665 1206 716 id
1225 666 1372 730 quod
1391 702 1404 726 ,
1442 667 1559 722 noli
1586 665 1858 726 dubitare,

273 728 403 794 quin
431 728 729 793 diligenter
755 726 1001 780 facturus
1026 731 1155 792 sim,
1183 747 1305 782 cum
1325 731 1559 797 primum
1577 746 1679 798 per
1697 747 1858 784 occu-

271 795 526 860 pationes
554 808 705 842 meas
722 793 967 845 licueritx
1004 811 1143 860 quae
1172 813 1304 848 sane
1333 805 1390 848 et
1417 800 1621 850 multae
1651 805 1781 850 suut
1805 803 1862 848 et

276 874 342 911 eo
378 860 757 921 molestiores,
796 860 943 926 quod
982 861 1196 912 alienae
1223 870 1352 914 sunt
1379 864 1448 914 ab
1477 864 1622 916 omui
1654 878 1860 930 genere

272 925 599 978 litterarum.
672 925 781 976 Sed
826 927 999 977 multa
1041 926 1275 984 ferenda
1317 936 1444 980 sunt
1475 933 1547 981 iis
1588 930 1858 992 omnibus,

274 993 367 1058 qui
394 997 667 1058 coguntur
694 990 899 1052 aliena,
932 1000 993 1042 ut
1014 993 1111 1043 ille
1140 994 1244 1056 ait,
1271 995 1457 1045 vivere
1479 997 1704 1062 quadra.
1774 998 1860 1047 Tu

274 1072 432 1118 vero,
465 1057 537 1107 mi
560 1056 820 1121 Giphani‚
842 1058 937 1124 qui
956 1064 1013 1108 et
1032 1060 1259 1125 ingenio
1282 1061 1511 1111 excellis
1533 1068 1589 1112 et
1609 1061 1862 1113 doctrina

275 1124 518 1175 abundas
540 1129 597 1173 et
616 1139 682 1174 ea
703 1137 763 1174 es
784 1129 985 1185 aetate,
1008 1139 1148 1189 quae
1170 1127 1246 1175 sit
1263 1127 1442 1177 labori
1460 1126 1710 1188 ferendo,
1743 1143 1860 1194 per-

274 1205 371 1258 ge,
402 1196 464 1239 ut
481 1189 649 1251 facis,
677 1189 888 1255 aliquid
917 1191 1139 1241 assidue
1173 1192 1487 1254 elaborare,
1515 1193 1662 1258 quod
1684 1199 1740 1244 et
1759 1193 1860 1243 tibi

274 1257 489 1323 gloriae
511 1257 605 1317 sit,
639 1262 697 1306 et
715 1255 874 1306 nobis
896 1270 962 1306 ac
979 1258 1221 1322 posteris
1241 1260 1383 1308 usui.
1454 1257 1592 1309 Nam
1614 1259 1681 1309 de
1702 1258 1860 1308 Lam-

271 1324 403 1373 bino
435 1321 653 1389 quidem
674 1321 814 1372 nihil
830 1322 991 1373 video
1011 1338 1238 1386 causae,
1269 1340 1366 1376 cur
1385 1325 1504 1376 eius
1526 1325 1858 1375 obtrectatio

274 1390 557 1440 deterrere
604 1393 661 1438 te
706 1395 802 1438 aut
846 1388 1123 1440 abducere
1161 1405 1195 1441 a
1233 1390 1418 1441 studio
1470 1391 1686 1442 debeat.
1759 1390 1860 1441 lue

271 1458 329 1506 in
346 1461 403 1505 te
420 1453 545 1517 fuit,
566 1454 735 1521 quiin
756 1455 898 1505 alios
918 1455 1080 1506 solet.
1152 1457 1223 1507 Et
1241 1458 1322 1507 ita
1339 1455 1472 1507 mihi
1497 1458 1698 1517 omnia,
1720 1471 1859 1523 quae

274 1523 459 1589 cupio,
502 1522 781 1584 eveniant,
820 1527 882 1572 ut
912 1536 1019 1589 ego
1047 1523 1209 1573 valde
1238 1524 1497 1584 mirabar,
1531 1526 1578 1574 si
1603 1524 1704 1574 tibi
1735 1539 1860 1574 eum

272 1592 492 1653 impune
530 1588 755 1641 laudare
794 1587 1061 1640 licuisset.
1130 1590 1216 1639 lta
1251 1591 1396 1639 euim
1435 1588 1602 1639 homo
1633 1595 1740 1639 est:
1778 1590 1860 1639 eis

271 1656 409 1706 solis
466 1653 779 1720 plurimum.
806 1654 1041 1717 invidet,
1098 1654 1296 1720 quibus
1339 1655 1632 1719 plurimum
1677 1654 1858 1704 debet.

272 1720 566 1781 Quomodo
588 1735 674 1771 me
694 1721 1001 1787 acceperit,
1032 1721 1205 1771 nosti:
1245 1727 1503 1786 quantum
1525 1726 1708 1770 autem
1727 1719 1862 1770 mihi

272 1788 498 1847 debeat,
526 1792 582 1836 et
606 1788 726 1851 ipse
755 1791 812 1836 et
840 1786 936 1837 alii
966 1786 1186 1851 plurimi
1211 1791 1430 1837 norunt.
1500 1788 1587 1838 Tu
1605 1800 1738 1836 vero
1795 1800 1860 1837 ro

270 1868 379 1903 uno
401 1852 609 1919 frigido
634 1851 1009 1903 obtrectatore
1032 1851 1317 1902 habiturus
1333 1868 1392 1903 es
1412 1802 1859 1913 innumerabifes‚

308 1922 365 1970 ui
411 1926 464 1969 te
506 1933 571 1967 ac
606 1918 827 1969 labores
864 1924 991 1969 tuos
1029 1918 1284 1969 laudibus
1316 1920 1374 1968 in
1412 1920 1623 1970 caelum
1660 1918 1860 1971 ferent.

314 1985 385 2035 ed
424 1984 561 2035 haec
587 1986 743 2035 alias.
815 1983 954 2034 Peto
986 1999 1019 2034 a
1043 1991 1125 2045 te,
1168 1991 1231 2035 ut
1257 2000 1342 2035 me
1371 1999 1548 2048 ames,
1583 2001 1763 2053 neque
1791 1986 1859 2036 de

270 2066 395 2102 mea
417 2065 552 2117 erga
570 2057 625 2102 te
645 2065 743 2116 pro
751 2051 1079 2117 pensissima
1097 2051 1380 2103 voluntate
1403 2052 1640 2104 dubites.
1693 2053 1862 2103 Plura

273 2118 599 2169 scriberem:
636 2116 737 2167 sed
781 2125 945 2183 urget
982 2116 1071 2167 hic
1098 2118 1304 2171 anticus
1346 2134 1526 2179 meus,
1563 2119 1647 2167 vir
1683 2119 1862 2170 bonus

274 2190 331 2237 et
347 2184 647 2245 litteratus,
708 2198 778 2233 uo
798 2184 1019 2233 nomine
1044 2198 1165 2234 eum
1188 2199 1222 2234 a
1238 2190 1296 2234 te
1317 2198 1535 2250 quoque
1556 2181 1865 2233 humaniter

275 2250 456 2317 excipi
479 2250 625 2299 volo.
724 2266 749 2299 s
770 2264 892 2299 cum
913 2250 1100 2300 statim
1123 2250 1472 2300 discessurus
1493 2254 1660 2309 esset,
1679 2248 1774 2297 vix
1791 2248 1862 2298 ad

271 2314 411 2367 haec
430 2319 553 2381 ipsa
572 2314 863 2366 scribenda
882 2316 1019 2366 satis
1038 2314 1171 2365 mihi
1193 2318 1459 2381 temporis
1477 2314 1647 2365 dedit.
1719 2313 1863 2372 Qua·

273 2396 335 2433 re
359 2383 621 2449 ignosces
644 2382 808 2431 etiam
823 2417 838 2442 ,
864 2384 909 2431 si
933 2382 1065 2447 quid
1085 2380 1231 2437 forte
1251 2382 1430 2430 minus
1450 2384 1706 2429 accurate
1729 2382 1863 2430 scri-

274 2454 423 2513 ptum
455 2447 578 2498 erit.
649 2446 871 2507 Quaeso
900 2454 985 2509 te,
1019 2446 1250 2497 scribito
1277 2446 1486 2509 aliquid
1516 2444 1586 2495 ad
1603 2444 1865 2497 Berzevi-

278 2528 469 2565 cacum
489 2519 735 2564 nostrum
748 2548 763 2575 ,
793 2520 850 2563 et
866 2514 1181 2579 significato
1203 2512 1280 2571 ei,
1309 2509 1539 2561 multum
1558 2512 1865 2563 accessisse

282 2582 345 2631 ud
383 2586 628 2631 veterem
662 2592 840 2629 meam
876 2594 1012 2645 erga
1048 2593 1174 2629 eum
1209 2576 1677 2639 benevolentiam,
1717 2577 1864 2643 quod

332 2658 373 2713 ·)
402 2658 511 2701 Eur.
532 2657 653 2700 Metl-
674 2658 771 2700 630.
