2275 3025
412 209 417 216 ,
453 154 555 207 382
830 154 1150 207 MURE'H
1185 157 1292 207 ΕΤ
1328 152 1680 207 LAMBINI

970 266 1130 320 x1v.
1167 267 1554 319 MURE‘TUS

906 367 943 402 ι,
978 368 1013 402 Α
1046 367 1087 403 ιι
1122 366 1158 401 a
1193 365 1215 402 1
1248 366 1287 403 n
1323 367 1359 402 o
1431 365 1479 401 s·
1549 365 1610 403 n.

523 418 701 503 Mihi
735 450 912 503 iratus
955 466 1035 513 es,
1073 454 1220 502 scio:
1261 458 1320 502 et
1353 451 1574 517 quidem
1616 452 1837 502 merito.
1907 449 2073 503 Nihil

459 519 603 569 enim
642 524 797 569 totos
826 516 931 568 bos
965 518 1106 567 duos
1133 518 1376 570 menseis
1397 518 1466 567 ad
1489 524 1546 567 te
1565 518 1784 582 scripsi.
1853 516 2070 569 Verum

458 586 508 635 si
528 587 693 644 scias,
733 598 895 649 quam
914 583 1115 633 fuerim
1138 590 1468 650 occupatus,
1509 584 1786 648 tantisper
1805 583 1934 633 dum
1953 582 2067 635 Ve-

456 652 625 703 netiis
646 650 757 711 fui,
795 666 906 701 non
941 650 997 699 in
1018 650 1178 700 libris
1197 651 1336 699 meis
1357 649 1647 701 variarum
1671 648 1827 699 Lect.
1853 644 2066 700 descri-

454 717 679 778 bendis,
718 718 899 767 sedin
932 716 1402 767 ambulationibus
1445 730 1542 765 seu
1579 716 1766 783 potius
1799 716 1858 765 in
1893 719 2065 767 traie-

456 784 735 835 ctionibus
758 782 1010 843 Venetis,
1041 784 1097 832 in
1118 782 1548 833 salutationibus
1575 782 1872 843 obeundis,
1893 782 1956 831 in
1973 796 2066 832 ce-

455 852 594 902 teris
616 849 815 899 officiis
836 848 1210 914 praestandis,
1235 848 1434 914 quibus
1453 862 1540 898 me
1562 847 1618 899 bi
1641 848 1870 898 iuvenes
1891 850 2064 914 patri-

457 917 533 968 cii
552 916 861 966 districtum
882 922 1196 976 tenuerunt,
1233 922 1348 965 tum
1370 922 1430 965 te
1449 912 1583 965 mihi
1603 929 1837 979 aequum
1875 914 2062 979 placa-

452 992 682 1049 tumque
721 981 1007 1047 praebeas.
1074 980 1272 1043 Βίους,
1309 996 1397 1031 me
1437 995 1507 1031 ex
1547 981 1688 1031 nieis
1721 982 2060 1031 necessariis

458 1048 919 1114 occupationibus
940 1046 1277 1098 semihoram
1296 1046 1559 1097 suffurari
1592 1061 1822 1112 eamque
1843 1046 1900 1095 in
1923 1046 2062 1097 scri-

457 1116 641 1168 hendo
683 1115 958 1164 insumere
998 1114 1268 1179 potuisse.
1361 1112 1508 1173 Quid
1547 1112 1650 1163 tibi
1690 1113 2062 1179 respondeam

455 1182 575 1232 vis?
610 1181 742 1231 Dixi
766 1195 857 1231 me
890 1182 1105 1247 pigrum
1136 1180 1513 1247 proficiscenti
1545 1180 1673 1229 tibi:
1715 1178 1830 1228 dixi
1853 1177 2059 1229 talibus

460 1248 659 1297 officiis
680 1262 853 1313 prope
872 1262 1144 1297 mancum.
1212 1246 1444 1307 Fateor,
1484 1260 1572 1296 me
1607 1246 1846 1297 omnium
1888 1258 2060 1311 popu-

456 1315 656 1365 larium
695 1319 754 1363 et
776 1312 1062 1363 tribulium
1089 1326 1338 1363 meorum
1370 1326 1498 1363 esse
1537 1312 1910 1378 pigerrimum,
1950 1324 2060 1362 ma-

456 1380 603 1429 xime
640 1379 697 1426 in
737 1377 1047 1428 scribendis
1084 1380 1359 1443 epistolis.
1432 1378 1578 1439 Quid
1600 1377 1744 1428 tum‘!
1781 1379 1950 1443 animi
1971 1375 2060 1428 hic

456 1443 686 1495 morbus
708 1450 813 1493 est.
883 1442 1184 1492 Praeclara
1220 1459 1358 1494 vero
1397 1444 1565 1495 laude
1605 1444 1804 1512 dignus
1831 1445 1923 1504 sit,
2001 1446 2060 1493 ui

459 1511 669 1562 amicos
690 1523 823 1559 suos
843 1522 1029 1559 amare
1051 1508 1270 1560 desinat
1289 1518 1422 1573 tum,
1447 1528 1569 1562 cum
1590 1518 1904 1578 aegrotent.
1987 1526 2060 1561 on

461 1577 747 1638 continuo,
772 1576 819 1626 si
842 1590 951 1626 non
974 1576 1194 1641 scripsi,
1214 1583 1271 1627 te
1292 1592 1507 1640 amare,
1532 1578 1601 1628 de
1623 1582 1679 1628 te
1701 1579 1821 1628 dies
1843 1584 2059 1628 noctes·

461 1657 567 1711 que
590 1645 860 1710 cogitare,
900 1643 969 1693 de
989 1651 1045 1694 te
1068 1643 1242 1710 loqui,
1283 1643 1354 1696 de
1374 1651 1432 1694 te
1451 1643 1699 1694 scribere
1721 1644 1928 1695 destiti.
1998 1643 2062 1694 In

462 1723 531 1762 eo
571 1708 841 1760 duntaxat
875 1713 1119 1774 peccavi,
1164 1709 1332 1776 quod,
1374 1725 1497 1760 cum
1529 1725 1708 1761 essem
1731 1709 1982 1776 plurimis
2002 1717 2060 1762 et

460 1777 796 1828 necessariis
816 1777 1060 1840 negotiis
1078 1775 1398 1842 impeditus,
1410 1782 1470 1827 et
1487 1791 1609 1827 cum
1630 1775 1762 1827 mibi
1781 1775 2062 1828 scribendi

462 1841 689 1894 deesset
707 1848 1088 1907 argumentum
1101 1878 1116 1903 ‚
1136 1849 1363 1908 praeter
1381 1841 1520 1893 haec
1540 1849 1852 1894 communia
1871 1848 1931 1893 et
1949 1841 2062 1893 vul-

462 1907 635 1974 garia,
677 1921 763 1956 me
787 1907 992 1967 valere,
1034 1914 1188 1959 tuum
1209 1922 1354 1969 esse,
1393 1909 1498 1960 tibi
1517 1911 1760 1974 perbene
1781 1921 1988 1974 cupere
2007 1915 2066 1960 et

462 1971 691 2034 simil-ia,
730 1973 927 2052 quibus
954 1973 1099 2038 apud
1127 1989 1230 2026 nos
1255 1973 1359 2024 tali
1383 1975 1798 2026 necessitudine
1833 1976 2059 2042 coniun-

464 2045 613 2098 ctos,
652 2036 790 2087 nilnl
809 2038 919 2088 loci
941 2038 1107 2089 debet
1127 2054 1253 2091 esse
1267 2077 1282 2102 ,
1323 2039 1445 2092 dies
1467 2041 1683 2108 aliquot
1699 2043 2059 2108 scriptionem

466 2111 523 2156 et
542 2104 863 2156 missionem
886 2105 1194 2156 litterarum
1215 2103 1442 2158 solitam
1468 2109 1759 2159 intennisi.
1831 2107 1893 2158 ln
1919 2122 2062 2158 sum·

461 2185 571 2234 ma,
592 2171 638 2222 si
662 2173 747 2222 cui
770 2171 965 2250 culpae
986 2185 1105 2220 sum
1126 2173 1323 2235 affinis,
1344 2174 1654 2241 ignoscito:
1682 2175 1768 2224 sin
1789 2174 2061 2244 culpara-

465 2247 553 2301 co,
575 2239 744 2290 irasci
764 2237 1023 2288 desinito.
1096 2237 1208 2290 Sed
1231 2237 1369 2290 baec
1385 2240 1557 2290 missa
1575 2241 1864 2291 faciamus.
1934 2237 2060 2292 Mit-

462 2309 523 2354 to
544 2304 617 2354 ad
636 2310 691 2355 te
712 2321 877 2355 unum
898 2319 929 2355 e
950 2305 1107 2355 libris
1129 2307 1268 2356 meis
1289 2305 1418 2358 Var.
1441 2307 1570 2357 lect.
1594 2305 1735 2356 Peto
1757 2305 1858 2357 abs
1881 2313 1968 2368 te,
2000 2311 2064 2356 ut

468 2378 653 2420 errata
689 2370 1039 2421 librariorum
1080 2375 1228 2422 corri
1270 2387 1352 2434 as,
1395 2373 1676 2438 quomodo
1702 2372 1858 2422 vides
1884 2374 1940 2424 in
1971 2386 2060 2434 eo,

468 2447 629 2499 quem
660 2436 727 2485 ad
749 2436 837 2484 Fr.
862 2436 1204 2486 Turnonium
1226 2387 1502 2488 gardinal.
1533 2437 1684 2498 misi,
1724 2452 1849 2488 esse
1877 2452 2061 2489 corre·

468 2505 573 2548 cta.
647 2499 891 2551 Sublatis
927 2502 1150 2552 illorum
1177 2501 1412 2563 mendis,
1449 2517 1575 2552 mea
1609 2503 1778 2553 tolles
1807 2509 1866 2553 et
1895 2504 1965 2554 de
1991 2504 2062 2554 iis

467 2576 555 2614 me
592 2565 937 2628 admonebis,
977 2566 1435 2632 quemadmodum
1476 2569 1723 2618 amicitia
1755 2574 1950 2619 nostra
1967 2584 2062 2635 po-

470 2627 657 2680 stulat.
728 2631 1003 2683 Tui-nonii
1034 2630 1344 2684 Cardinalis
1380 2636 1716 2684 mentionem
1750 2633 1864 2684 feci
1884 2649 2003 2702 cap.
2027 2649 2064 2686 1.
