2275 3025
708 110 964 164 EPIS'r.
1003 110 1153 163 LIB.
1181 113 1249 163 Π.
1274 113 1387 165 ΕΡ.
1426 114 1528 167 xl.
1821 121 1922 173 ΓΠ

319 214 410 269 eui
433 213 626 265 videor
647 213 900 265 iniuriam
921 212 1126 275 facere,
1150 214 1198 264 si
1226 228 1347 265 eum
1366 215 1483 267 ullo
1504 214 1670 269 modo
1690 232 1813 271 cum
1833 235 1920 272 ce-

319 283 458 333 teris
477 294 791 345 comparem
807 316 822 343 ,
845 280 945 331 sed
966 280 1129 329 Ennii
1152 280 1386 331 alicuius
1419 289 1514 333 aut
1534 283 1716 344 Furii,
1758 300 1919 350 quain

321 347 569 408 Lucani,
602 347 775 397 multo
802 346 1035 397 similem
1055 347 1112 396 in
1133 346 1427 399 scribendo
1451 362 1576 399 esse
1598 364 1684 401 me
1710 352 1918 415 malimg

320 415 468 465 inter
486 413 760 463 Martialis
782 419 967 463 autem
989 419 1046 464 et
1067 413 1269 464 Catulli
1293 414 1499 481 scripta
1521 421 1731 467 tantum
1753 417 1919 468 inter-

322 494 446 531 esse
469 479 734 540 arbitrer,
777 485 1038 545 quantum
1069 480 1215 531 inter
1248 480 1397 531 dicta
1430 496 1655 533 scurrae
1684 482 1917 535 alicuius

323 546 391 597 de
425 546 592 597 trivio
632 552 688 595 et
731 546 875 595 inter
910 546 1171 597 liberales
1207 546 1435 613 ingenui
1462 546 1701 599 hominis
1737 551 1916 612 iocos,

320 611 494 663 niulto
515 610 843 662 urbanitatis
863 612 1159 678 adspersos
1180 613 1314 663 sale.
1385 612 1577 682 Neque
1599 628 1731 665 vero
1752 629 1917 682 nega-

322 677 511 739 verim,
535 677 708 728 multa
723 678 780 727 in
794 677 1052 743 Martiale
1073 692 1293 744 quoque
1314 694 1425 730 non
1445 682 1748 731 inscienter
1769 680 1919 733 dicta

323 743 581 811 reperiri3
639 743 737 795 sed
770 742 1020 810 profecto
1065 745 1407 795 deteriorum
1448 746 1615 813 longe
1658 762 1916 799 numerus

323 810 501 861 maior
521 815 625 860 est.
693 811 928 861 Latinae
951 812 1171 876 quidem
1206 812 1476 863 orationis
1496 814 1682 865 nativa
1703 814 1801 864 illa
1819 815 1916 865 mi·

324 876 579 943 nimeque
631 876 789 941 quasi
826 876 1122 955 pigmentis
1163 877 1443 929 infuscata
1486 880 1822 945 germanitas
1860 881 1915 931 in

323 942 580 993 Martiale
601 940 752 993 nulla
773 952 880 1003 est,
900 958 957 993 in
979 941 1197 994 Catullo
1219 944 1535 1009 praecipua.
1606 946 1679 997 lis
1700 947 1769 997 de
1791 961 1916 997 can·

325 1009 404 1059 sis
430 1023 553 1059 cum
571 1009 640 1059 ab
662 1009 758 1059 illo
781 1008 957 1059 altero
975 1044 990 1071 ,
1032 1009 1220 1061 nescio
1242 1011 1550 1075 quomodo,
1585 1027 1806 1091 semper
1824 1011 1917 1061 ab·

327 1073 664 1127 horruissem
679 1110 694 1135 ‚
717 1075 992 1126 Catullum
1013 1082 1210 1125 contra
1228 1090 1503 1143 nunquam
1522 1092 1632 1127 non
1654 1078 1916 1129 mirabili·

324 1148 414 1192 ter
431 1141 632 1204 annavi3
671 1142 855 1208 itaque
885 1140 1139 1208 legebam
1169 1156 1293 1192 eum
1322 1142 1772 1195 adolescentulus
1803 1150 1917 1195 stu·

327 1206 518 1269 diosc,
552 1222 803 1274 magnam
844 1221 910 1257 ue
945 1222 1167 1274 operam
1188 1208 1259 1259 ad
1288 1210 1512 1276 lepores
1541 1210 1693 1261 illius
1714 1210 1916 1261 intelli-

326 1273 540 1339 gendos
593 1273 818 1325 confere
858 1290 969 1337 am,
1026 1273 1166 1326 nihil
1202 1282 1387 1327 tamen
1424 1276 1601 1328 minus
1642 1277 1914 1344 cogitans,

327 1354 488 1407 quam
508 1338 631 1390 fore
651 1356 912 1407 unquam,
948 1350 1008 1392 ut
1027 1343 1081 1392 in
1108 1357 1233 1393 eum
1266 1344 1691 1395 commentarios
1712 1346 1916 1396 scribe-

325 1418 457 1458 rem.
530 1406 658 1469 Sed,
681 1423 802 1459 cum
825 1406 970 1458 haud
988 1410 1068 1459 ita
1085 1410 1296 1475 pridem
1318 1412 1591 1461 venissem
1614 1413 1669 1462 in
1683 1412 1916 1474 ltaliam,

325 1480 383 1526 et
402 1479 462 1525 ut
482 1488 601 1524 eam
618 1475 900 1554 regionem
921 1476 1285 1544 adspicerem,
1303 1493 1410 1545 qua
1422 1478 1515 1546 qui
1530 1492 1709 1546 aequo
1730 1479 1915 1530 animo

325 1548 540 1603 carent,
571 1539 701 1591 miln
723 1541 944 1608 quidem
963 1544 1074 1593 anti
1119 1545 1307 1595 uitatis
1329 1545 1645 1595 memoriam
1668 1547 1805 1596 satis
1826 1559 1917 1596 co·

323 1605 442 1658 lere
478 1622 586 1657 non
608 1607 886 1670 videntur,
930 1615 990 1659 et
1018 1625 1104 1660 me
1148 1611 1367 1671 ercule,
1405 1625 1595 1660 verum
1626 1618 1686 1661 ut
1719 1611 1915 1672 dicam,

325 1689 446 1724 cum
477 1674 619 1724 alios
655 1674 905 1726 eruditos
940 1673 1223 1736 hominm,
1262 1681 1379 1725 tum
1400 1674 1630 1724 Paulum
1665 1676 1915 1741 inprimis

323 1739 629 1792 Manutium
654 1747 714 1791 ut
734 1755 1131 1808 cognoscerem
1148 1776 1165 1802 ,
1187 1742 1337 1807 quod
1354 1743 1411 1792 in
1434 1741 1553 1791 eius
1574 1743 1797 1809 scriptis
1818 1743 1918 1792 mi-

324 1804 382 1856 hi
406 1805 629 1859 videbar
660 1808 1117 1861 animadvertisse
1136 1821 1429 1874 expressas
1450 1807 1713 1886 quasdam
1736 1809 1917 1860 excel-

323 1872 488 1924 lentis
525 1873 811 1925 doctrinae
845 1875 1204 1941 eximiaeque·
1223 1874 1517 1941 probitatis
1538 1881 1721 1940 notas3
1760 1873 1917 1928 mihi·

362 1954 430 1990 ne
453 1939 636 1992 divina
656 1943 887 2008 quadam
907 1940 1181 2007 virgula*)
1222 1941 1576 2008 contigisset,
1617 1949 1676 1994 ut
1696 1959 1803 1994 non
1824 1958 1919 2009 pe·
1948 1949 1955 1954 '

324 1954 450 2058 gem
467 2021 640 2072 paene
653 2009 867 2074 priusin
892 2005 992 2058 hac
1005 2009 1228 2060 civitate
1252 2023 1533 2074 ponerem,
1550 2011 1920 2077 quaminami-

325 2073 512 2125 citiam
543 2075 718 2139 ipsius
738 2072 1169 2126 familiaritatem
1212 2089 1280 2126 ue
1308 2076 1554 2140 intimam
1575 2075 1916 2137 admitterer,

321 2139 554 2206 ipseque
582 2140 795 2205 aliquot
815 2141 1011 2193 diebus
1034 2148 1163 2211 post
1221 2156 1252 2192 e
1272 2143 1411 2192 meis
1436 2142 1782 2194 sermonibus
1804 2142 1917 2191 col-

319 2205 576 2280 legisset,
590 2213 925 2282 quantopere
946 2223 1033 2260 me
1054 2211 1175 2261 eius
1194 2211 1394 2276 poetae
1415 2210 1620 2276 scripta
1630 2214 1914 2274 caperent:

325 2285 454 2338 qum
486 2275 570 2330 tu,
598 2272 802 2337 inquit,
836 2272 910 2324 M.
937 2273 1161 2336 Antoni,
1197 2289 1332 2341 qnae
1348 2273 1406 2325 in
1428 2275 1741 2340 leot-genere
1760 2281 1912 2323 nota·

316 2336 415 2397 sti,
452 2349 515 2386 ea
552 2334 610 2385 ie·
629 2336 904 2414 publicum
931 2339 1177 2410 profers,
1206 2340 1559 2408 fructumque
1596 2337 1795 2390 laboris
1833 2339 1915 2390 tui

321 2417 438 2453 cum
475 2411 662 2454 ceteris
701 2402 821 2456 anti
857 2421 926 2456 ua
963 2405 1052 2457 illa
1089 2415 1317 2458 naturae
1353 2415 1515 2472 aeque
1562 2405 1911 2457 huietanitats‘s

319 2469 434 2536 lege
453 2468 808 2522 cotemwuicas
880 2472 960 2524 lbi
987 2480 1231 2540 marego
1257 2488 1381 2523 cum
1401 2479 1459 2523 et
1486 2472 1577 2522 lon
1622 2485 1651 2522 e
1680 2473 1912 2523 aliarum

319 2535 516 2588 virium
537 2552 676 2604 opus
697 2537 835 2588 illud
857 2551 979 2589 esse
1002 2539 1266 2592 dixissem
1282 2573 1297 2602 ,
1340 2545 1397 2590 et
1426 2542 1590 2605 protu
1616 2541 1783 2592 'ssem
1800 2538 1913 2589 alia

373 2614 416 2668 ·)
450 2615 522 2658 cf.
545 2615 641 2660 cn.
663 2615 720 2658 «10
741 2615 818 2659 off.
839 2615 874 2660 1.
896 2619 964 2658 44.
986 2615 1027 2670 §-
1055 2621 1144 2660 uss.

385 2677 650 2732 Mune-r.
691 2681 795 2732 Er.
1525 2671 1586 2724 Μ
