2275 3025
493 137 753 192 EPIST.
801 133 955 189 Lm.
990 135 1100 187 111.
1136 135 1260 190 ΕΡ.
1297 137 1522 191 xmu.
1563 137 1787 191 xmv.
1843 141 1942 194 261

346 251 593 289 errorem
638 235 861 288 {secutus
902 237 999 288 sis.
1070 235 1236 288 Certe
1275 237 1420 288 enim
1449 239 1702 302 silentia,
1751 241 1808 291 id
1840 248 1945 306 est,

346 304 725 365 conticinium,
748 319 861 354 non
880 310 941 353 ut
963 302 1058 352 ille
1078 311 1232 353 ratus
1258 310 1368 366 est,
1393 307 1680 367 tenebrae,
1705 320 1842 372 quas
1865 309 1946 360 cf-

345 369 463 421 ficit
498 370 741 421 siderum
782 369 1121 420 coniunctio.
1193 369 1332 421 Nam
1370 371 1600 422 Troiam
1634 372 1942 439 plenilunio

340 441 558 501 captam
581 449 706 486 csse
728 441 964 493 constat.
1004 435 1356 502 Halcyonios
1377 451 1596 504 quoque
1618 439 1828 489 videris
1850 455 1945 491 vo·

339 516 470 553 care
491 516 622 552 aves
644 502 810 568 ipsas.
878 501 1072 564 Vides,
1103 501 1244 554 hacc
1261 517 1423 570 quam
1447 504 1594 554 levia
1612 506 1726 556 sint
1758 519 1946 571 quam-

340 581 451 633 que
472 568 691 634 pusilla.
765 569 938 630 Quae,
961 582 1102 635 rogo
1122 575 1201 631 te,
1234 576 1293 620 ut
1319 571 1374 620 in
1403 570 1603 621 bonam
1623 578 1836 638 partem
1855 587 1945 623 ac·

340 635 520 714 cipias
536 640 609 695 et,
628 634 777 700 quod
797 642 909 716 tam
930 650 1059 716 sero
1080 635 1150 686 ad
1171 643 1296 718 tuas
1319 637 1538 687 litteras
1554 638 1943 716 respondeam,

339 702 1081 820 zffizzffizf’ssffss‘32‘2333’3
1100 703 1477 820 manat&
1500 704 1945 822 3332120‘333

338 833 505 898 cupio
525 831 766 900 mihique
792 835 1145 886 occasionem
1167 844 1302 902 opto
1322 837 1561 902 aliquam
1586 838 1721 896 dari,
1755 838 1942 906 quaid

336 913 399 949 rc
420 899 543 965 ipsa
560 899 845 952 declarare
864 903 1092 968 possim,
1134 909 1191 953 et
1210 910 1286 964 te,
1308 918 1468 970 quem
1491 919 1766 970 nunquam
1786 919 1942 970 prac-

336 979 467 1016 sens
507 969 837 1033 praesertim
875 969 1318 1030 viderememini,
1352 970 1623 1036 singulari
1642 977 1740 1020 tua
1761 970 1943 1020 erudi·

336 1033 493 1082 tione
513 1039 842 1095 commotus,
865 1035 921 1083 in
961 1037 1084 1084 sinu
1105 1042 1271 1101 atque
1291 1037 1348 1088 in
1369 1035 1548 1086 oculis
1566 1035 1716 1086 fero:
1782 1036 1942 1089 Vale.

338 1097 568 1149 Romae.
589 1098 684 1148 111.
704 1099 939 1151 Kalend.
965 1100 1119 1152 Sext.

531 1412 749 1466 XLIV.
780 1413 863 1465 M.
899 1412 1318 1466 ANTONIUS
1353 1415 1750 1470 MURETUS

632 1512 1004 1549 stmaanno
1038 1513 1392 1549 ΑΝΤοΝιΝο
1423 1513 1470 1551 s·
1500 1516 1560 1551 n.
1597 1501 1646 1564 ¹⁶)

407 1569 485 1654 In
505 1606 731 1655 summis
754 1606 1212 1669 occupationibus
1249 1606 1407 1666 meis,
1451 1604 1737 1657 Sinibaldc
1772 1607 1940 1659 Anto·

338 1672 485 1731 nine,
508 1684 649 1735 quae
670 1686 756 1721 me
777 1672 1052 1736 respirare
1071 1672 1164 1727 vix
1183 1672 1386 1731 sinunt,
1424 1671 1541 1736 legi
1561 1677 1744 1721 tamen
1765 1672 1940 1723 dialo-

380 1752 467 1788 um
506 1741 657 1785 tuum
696 1743 755 1786 et
794 1738 921 1789 volu
962 1741 1131 1787 tatem
1166 1735 1333 1801 longe
1373 1736 1664 1787 maximam
1707 1752 1776 1788 ex
1818 1741 1939 1791 eius

334 1750 583 1867 fictione
604 1803 845 1868 percepi.
972 1802 1284 1853 electarunt
1301 1816 1388 1853 me
1411 1808 1738 1869 argumenta
1771 1810 1829 1855 et
1857 1805 1939 1855 in·

336 1870 571 1937 geniose
594 1870 932 1936 excogitata,
964 1875 1020 1919 et
1053 1868 1226 1919 denso
1254 1875 1312 1919 et
1344 1871 1498 1932 vivo,
1527 1876 1590 1920 ut
1615 1870 1698 1920 ita
1737 1870 1938 1933 dicam,

334 1949 403 1985 ac
427 1937 659 2003 spiranti
680 1936 949 1987 orationis
1010 1950 1176 1988 encre
1204 1950 1484 2001 expressa.
1538 1935 1730 2003 ltaque
1747 1943 1810 1989 ut
1831 1937 1939 2003 Py-

334 1999 627 2067 thagoram
647 2002 802 2053 aiunt
822 2017 852 2052 c
873 1951 1099 2053 megalo
1122 2002 1301 2069 pedis,
1323 2009 1529 2070 quauta
1550 2006 1802 2069 corporis
1823 2019 1939 2070 mo·

334 2066 389 2121 lc
410 2066 615 2118 fuisset
634 2069 925 2130 Herculea,
946 2070 1252 2131 iudicasset
1285 2070 1368 2120 sic
1389 2076 1447 2121 et
1467 2084 1575 2149 ego
1600 2084 1670 2120 cx
1690 2068 1797 2120 hoc
1815 2070 1938 2121 bre·

337 2133 391 2184 vi
410 2135 870 2188 commentariolo
904 2135 1073 2186 facile
1105 2135 1174 2185 de
1206 2136 1290 2187 tui
1321 2136 1532 2203 ingenii
1553 2136 1937 2201 magnitudine

336 2214 403 2251 ac
422 2202 765 2266 praestantia
787 2202 1044 2252 iudicavi.
1115 2204 1285 2253 Amor
1303 2209 1488 2252 autem
1525 2214 1586 2252 er
1626 2217 1660 2250 a
1681 2215 1768 2252 me
1789 2208 1937 2263 tuus,

336 2280 501 2333 quem
522 2267 683 2331 plane
706 2267 1044 2335 singularem
1066 2271 1217 2319 omni
1237 2284 1307 2319 ex
1325 2275 1482 2334 parte
1505 2267 1607 2317 dec
1632 2281 1778 2329 aras,
1817 2267 1937 2318 noli

336 2345 627 2398 quaerere,
648 2341 992 2401 quantopere
1019 2333 1156 2385 mihi
1195 2341 1387 2401 gratus
1430 2349 1497 2385 ac
1537 2333 1808 2383 iucundus
1843 2334 1936 2386 sit.

335 2398 529 2465 Neque
552 2399 696 2448 enim
715 2399 887 2450 ullum
908 2416 1148 2467 unquam
1167 2399 1302 2451 mihi
1321 2400 1586 2450 maiorem
1600 2397 1838 2453 fructum
1859 2403 1938 2450 vi-

335 2464 593 2531 giliarum
618 2479 683 2515 ac
707 2465 957 2517 laborum
996 2480 1244 2517 meorum
1277 2468 1572 2532 proposui,
1613 2481 1773 2531 quam
1812 2474 1875 2517 ut
1903 2482 1937 2517 a

335 2531 419 2581 tui
438 2530 709 2583 similibus
749 2546 981 2584 amarer.
1055 2531 1240 2593 Quare
1270 2533 1378 2583 etsi
1413 2546 1527 2584 nou
1558 2546 1806 2600 agnosco
1841 2546 1936 2583 eas

391 2628 434 2684 ‘)
466 2630 541 2673 Cf.
561 2630 618 2673 nil
638 2630 675 2673 1.
693 2644 769 2678 ου.
786 2632 855 2675 97.
