2275 3025
367 123 470 174 228
907 113 984 174 M.
1019 123 1082 174 A.
1117 121 1438 175 MURETI

370 223 604 288 quisque
623 225 744 288 ipse
765 223 1192 274 amabilissimus
1214 225 1314 285 sit,
1344 223 1425 273 ita
1442 223 1513 273 ad
1539 221 1683 273 alios
1704 225 1973 276 amandos

369 291 804 356 promtissimam
825 305 890 339 ac
911 291 1405 356 propensissimum
1444 302 1588 338 esse.
1662 289 1803 340 Nam
1822 292 1973 356 quod

370 362 432 406 tu
455 371 676 406 eausam
705 357 911 406 amoris
940 371 1075 422 erga
1104 372 1191 406 me
1218 357 1300 406 tui
1331 355 1531 406 solitus
1553 370 1612 406 es
1636 356 1893 407 conferre
1915 359 1973 409 in

374 421 744 472 eruditionem
773 422 992 474 scilicet
1019 437 1194 472 meam
1223 427 1281 472 et
1317 421 1429 472 alia
1462 423 1729 488 quaedam
1766 437 1975 490 magna

374 504 440 539 ae
460 478 745 554 praeclara
763 488 937 546 bona,
967 489 1165 555 quibus
1191 488 1295 537 tibi
1324 488 1520 538 videor
1539 489 1840 538 excelleret
1869 492 1976 540 uti·

371 569 498 605 nam
523 557 741 620 quidem
762 558 844 605 ita
863 561 1033 616 esset,
1055 561 1116 604 ut
1136 555 1443 620 praedicas,
1516 554 1628 606 Sed
1650 570 1758 620 quo
1784 569 1873 605 me
1894 555 1975 604 di·

374 622 640 688 ligentius
673 622 926 682 excutio,
969 635 1036 670 eo
1064 623 1243 685 magis
1273 620 1557 688 intelligo,
1590 622 1776 670 omnia
1800 622 1859 671 in
1885 635 1975 672 me

375 694 473 738 aut
491 688 798 737 mediocria
825 701 948 737 esse
989 692 1086 736 aut
1121 687 1289 736 etiam
1324 685 1471 736 infra
1504 687 1974 751 mediocritatem3
2039 685 2045 694 '

373 751 516 804 nihil
537 753 797 803 eximium
825 758 921 802 aut
946 753 1258 818 singulare,
1280 751 1420 802 nihil
1446 768 1555 818 quo
1578 768 1687 803 non
1710 770 1849 804 unus
1876 754 1977 805 ali·

361 819 500 885 quis
528 834 598 869 ex
625 819 816 870 multis
843 834 931 869 me
953 826 1050 869 aut
1077 819 1355 886 adaequet
1387 826 1483 870 aut
1509 820 1711 869 vineat.
1780 819 1977 886 ltaque

372 885 668 952 indulgeas
697 885 833 936 lieet
865 887 1043 936 amori
1070 893 1167 937 tuo
1204 891 1261 936 et
1289 887 1361 935 iis
1398 900 1485 936 me
1514 885 1770 943 laudibus
1789 886 1979 936 imme·

372 959 589 1004 rentem
611 967 810 1003 oneres
825 989 840 1015 ,
876 968 1012 1018 quas
1035 967 1141 1019 ego
1166 953 1223 1002 in
1244 959 1299 1002 te
1320 951 1531 1002 referre
1568 952 1741 1002 multo
1774 955 1977 1004 iustius

375 1035 445 1070 ae⁴
459 1021 646 1070 verius
666 1033 913 1086 possem:
937 1035 1213 1085 nunquam
1234 1020 1459 1079 efficies,
1482 1024 1544 1068 ut
1561 1033 1671 1068 non
1694 1033 1800 1084 ego
1822 1025 1980 1069 tuum

371 1088 433 1136 in
452 1101 540 1136 me
567 1088 810 1137 studium
839 1092 968 1137 tuae
997 1092 1210 1136 tantum
1238 1084 1565 1135 humanitati
1592 1092 1879 1150 acceptum
1898 1085 1983 1135 fe-

373 1167 510 1204 ram.
583 1153 696 1204 Sed
729 1152 814 1204 his
837 1153 1056 1219 quidem
1076 1153 1244 1202 rebus
1282 1155 1393 1202 iam
1425 1151 1621 1201 modus
1653 1153 1726 1201 sit
1758 1159 1855 1202 aut
1881 1167 1980 1217 po·

373 1221 488 1270 tius
521 1227 846 1286 perpetuum
881 1221 1027 1269 inter
1059 1235 1162 1269 nos
1198 1219 1265 1269 de
1301 1219 1383 1268 eis
1411 1218 1711 1268 silentium.
1781 1218 1923 1269 Peto
1946 1233 1983 1269 a

373 1295 458 1346 te,
487 1290 549 1334 ut
575 1301 662 1336 me
693 1284 784 1334 hie
811 1285 1020 1351 aliquid
1060 1292 1157 1334 tua
1191 1299 1359 1334 causa
1396 1283 1584 1334 faeere
1613 1285 1833 1347 iubeas,
1904 1299 1981 1335 uo

376 1354 576 1402 testari
617 1353 860 1415 possim5
908 1357 1169 1416 quantum
1203 1357 1299 1400 tua
1334 1365 1503 1400 eausa
1536 1353 1769 1426 cupiam.
1901 1349 1985 1402 ihi
2028 1379 2037 1389 ·

381 1416 573 1476 erede,
597 1417 779 1466 enitar
807 1422 886 1478 et,
911 1424 972 1466 ut
990 1430 1181 1482 spere,
1204 1417 1513 1482 perficiam,
1554 1424 1633 1478 ut,
1658 1433 1779 1468 eum
1800 1419 1868 1469 ad
1890 1433 1983 1469 ae·

379 1483 600 1552 quanda
627 1488 724 1534 tua
741 1486 800 1535 in
829 1498 917 1535 me
936 1485 1134 1535 merita
1154 1481 1473 1534 facultatem
1495 1482 1626 1534 mihi
1650 1485 1847 1537 deesse
1870 1499 1985 1535 om·

377 1567 480 1602 nes
517 1552 776 1613 videant,
835 1552 1176 1602 voluntatem
1224 1551 1421 1601 deesse
1460 1566 1621 1602 nemo
1662 1552 1979 1603 arbitretur.

379 1619 670 1670 Fratribus
711 1620 852 1681 tuis,
885 1617 1201 1669 Alexandro
1240 1618 1467 1669 Canalio
1486 1654 1502 1680 ,
1534 1618 1760 1669 Alberto
1793 1618 1981 1670 Lollio

383 1687 698 1752 ceterisque
720 1686 913 1737 amieis
933 1684 1313 1735 communibus
1335 1690 1491 1751 pete,
1533 1691 1597 1735 ut
1614 1700 1739 1735 meo
1762 1686 1983 1736 nomine

383 1754 620 1803 salutem
659 1753 830 1803 dicas.
901 1751 1061 1803 Vale.
1084 1766 1190 1803 ιιι.
1230 1751 1355 1803 Kal.
1397 1750 1663 1803 Novemb.
1714 1766 1785 1802 ex
1826 1751 1981 1804 urbe.

367 1820 690 1881 somnust)

777 2096 971 2146 lel.
1020 2110 1235 2149 mnam
1275 2098 1603 2150 nens-ro.

461 2162 656 2264 Quod
675 2214 949 2267 nunquam
965 2205 1130 2250 antea
1145 2208 1423 2262 evenerat,
1434 2200 1695 2265 quodque
1716 2214 1991 2267 uunquam

393 2273 715 2319 eventurum
747 2267 994 2333 qualibet
1021 2268 1323 2333 sponsione
1352 2266 1688 2317 contendere
1720 2281 1887 2317 ausus
1908 2281 1993 2318 es·

391 2349 528 2395 sem,
553 2335 607 2384 id
629 2334 917 2385 evenittut
935 2334 1157 2386 litterae
1180 2339 1484 2397 tuae,quae
1504 2332 1636 2383 mihi
1660 2347 1881 2400 semper
1900 2348 1993 2383 an·

392 2398 556 2449 tehae
575 2400 1006 2450 iucundissimae
1033 2399 1279 2458 fuerant,
1302 2412 1476 2461 nuper
1496 2399 1749 2448 dolorem
1769 2397 1901 2449 mihi
1927 2413 1992 2448 ae

391 2465 730 2515 moestitiam
767 2467 1054 2517 attulerint
1089 2464 1444 2529 singularem.
1515 2464 1653 2515 Nam
1691 2480 1815 2515 cum
1850 2464 1995 2515 illud

390 2528 528 2581 mihi
556 2544 656 2594 per
682 2544 745 2579 se
764 2546 932 2596 grave
957 2542 1120 2596 atque
1144 2529 1401 2579 acerbum
1422 2530 1553 2589 fuit,
1587 2536 1642 2579 et
1662 2536 1991 2595 aegrotasse

448 2626 492 2684 ⁸)
521 2627 698 2669 Annum
719 2624 836 2669 hune
855 2628 1072 2672 Thomas.
1093 2627 1249 2681 posuit
1267 2638 1354 2681 pm
1373 2630 1497 2671 156⁵.
1517 2626 1573 2668 V.
1595 2627 1653 2667 ad
1672 2626 1735 2669 in.
1758 2628 1897 2681 epist.
