2275 3025
361 141 428 189 ‘12
889 137 965 189 M.
1002 140 1061 190 A.
1097 136 1414 189 MURETI

361 237 560 305 legibus
589 238 703 301 usqi
740 238 842 287 τῶν
881 234 1321 303 ἀνακομιζομένων
1355 236 1691 289 interdictam
1726 236 1930 289 scirem.

364 304 602 355 Scribam
623 304 780 367 alias,
823 312 878 356 et
895 306 1036 373 qnod
1052 305 1206 356 toties
1225 304 1425 371 recepi,
1470 305 1677 355 tandem
1706 304 1949 355 cumula-¹

361 371 554 423 tissime
563 364 867 438 piaestabo,
883 372 1200 439 praesertim
1224 388 1339 423 cum
1356 366 1543 437 χρύσεα
1562 368 1675 420 ἀντὶ
1690 374 1937 435 χαλκείων

366 456 399 489 a
437 447 488 489 te
525 454 738 505 sperare
777 439 946 490 liceat.
1016 438 1239 491 Interim
1288 454 1417 490 cura
1451 446 1513 489 ut
1550 440 1737 490 valeas.
1808 438 1937 503 Ego

365 522 486 557 vero
521 514 575 556 et
609 505 836 558 Ioannes
875 504 1141 556 Datianus
1164 514 1342 557 noster
1374 507 1601 557 valemus
1638 514 1790 573 teque
1815 506 1938 583 plu-

365 572 555 624 rimum
603 574 914 635 salutamus,
958 581 1012 623 et
1055 589 1171 623 cum
1201 572 1433 638 primum
1461 589 1565 640 per
1598 572 1942 624 valetudinem

367 649 512 690 tuam
532 639 764 701 licuerit,
799 655 834 689 a
853 648 904 689 te
923 640 1126 689 litteras
1159 648 1529 704 exspectamus.
1606 638 1747 693 Vale.
1780 636 1940 690 Vene-

367 706 472 757 tiis.
497 705 642 757 Prie.
666 703 790 756 Kal.
815 702 1000 757 Octob.
1026 720 1279 757 nnmrm.

753 1004 967 1060 XLIV.
1005 1020 1227 1059 monn
1262 1018 1549 1059 muns-ro.

463 1070 685 1158 Veteris
701 1104 838 1157 illius
842 1104 1243 1175 familiaritatis
1262 1122 1327 1157 ac
1353 1105 1743 1159 necessitudinis
1756 1142 1771 1169 ,
1814 1120 1945 1174 quae

372 1174 504 1227 mihi
521 1173 752 1225 maxima
785 1181 953 1225 tecum
975 1174 1094 1224 olim
1126 1171 1354 1225 Venetiis
1379 1172 1697 1235 intercessit,
1738 1172 1949 1223 minime

376 1252 427 1293 te
445 1240 661 1293 oblitum
684 1256 790 1291 esse
813 1240 1016 1306 opinor,
1037 1244 1202 1307 neque
1222 1249 1305 1291 tot
1317 1256 1575 1292 annorum
1595 1237 1949 1305 ἀπροσηγοριᾳ

378 1325 442 1361 ex
461 1307 636 1358 animo
657 1314 750 1357 tuo
771 1307 943 1357 nostri
958 1306 1263 1357 memoriam
1284 1304 1552 1387 effluxisse
1571 1306 1768 1358 dubito.
1825 1306 1949 1357 Plu?-

377 1375 567 1427 rimum
585 1388 710 1425 sane
739 1372 988 1423 momenti
1016 1372 1089 1423 ad
1111 1374 1347 1441 vulgaris
1372 1373 1658 1440 cuiuspiam
1686 1372 1955 1425 amicitiae

381 1439 783 1493 diuturnitatem
819 1438 876 1489 in
913 1437 1219 1490 assiduitate
1251 1439 1547 1491 litterarum
1576 1441 1809 1508 positum
1848 1456 1957 1491 esse

379 1524 488 1561 non
527 1504 794 1576 diffiteor.-
832 1515 1068 1558 mutuam
1099 1523 1220 1558 vero
1249 1506 1389 1559 inter
1408 1511 1502 1559 nos
1531 1507 1954 1572 benevolentiam,

383 1586 524 1629 certo
563 1573 758 1627 iudicio
793 1575 952 1626 semel
983 1583 1302 1642 susceptam,
1341 1591 1455 1626 eam
1484 1576 1653 1643 ipsam
1688 1577 1954 1636 virtutem,

455 1661 518 1696 ae
543 1643 756 1723 genuit,
802 1651 856 1694 et
881 1641 1199 1694 continuisse
1224 1651 1280 1694 et
1305 1659 1633 1695 conservasse
1663 1651 1806 1696 certo
1826 1643 1954 1694 scio.

386 1711 524 1764 sam
552 1713 697 1762 illam
715 1727 841 1762 sane
865 1712 1169 1777 παροιμίαν,
1214 1726 1370 1778 quam
1388 1710 1689 1762 Athenaeus
1718 1709 1835 1762 iure
1870 1728 1957 1776 μι-

384 1775 830 1846 σκυθρωποτάτην
856 1779 1104 1845 appellat,
1127 1778 1200 1829 ad
1216 1777 1360 1830 cuius
1372 1778 1759 1847 praescriptum

681 1847 836 1906 τηλοῦ
857 1849 996 1910 φίλοι
1013 1847 1237 1898 ναίοντες
1260 1843 1346 1894 οὔκ
1368 1847 1461 1894 εἶσὶ
1475 1847 1683 1911 alicuj)

387 1911 486 1963 tibi
494 1909 721 1978 probari
736 1925 1066 1977 nequaquam
1085 1913 1239 1962 credo
1252 1931 1269 1963 .-
1308 1927 1423 1965 cum
1444 1911 1731 1964 amicitiam
1760 1927 1865 1962 non
1886 1911 1959 1962 lo-

388 1993 570 2030 corum
589 1975 800 2042 spatiis,
843 1977 936 2026 sed
959 1977 1249 2028 amicorum
1266 1979 1499 2030 moribus
1526 1979 1836 2030 metiendam
1856 1993 1965 2029 esse

387 2061 495 2097 non
510 2043 742 2112 ignores.
817 2041 1019 2105 Quodsi
1043 2045 1116 2094 ad
1131 2059 1298 2094 meam
1318 2060 1449 2112 erga
1469 2055 1519 2096 te
1558 2043 1965 2097 benevolentiam

389 2110 732 2166 accessionem
753 2125 957 2176 quoque
977 2125 1211 2162 mearum
1231 2110 1527 2162 litterarum
1542 2127 1577 2162 a
1605 2122 1656 2163 te
1677 2111 1967 2164 desiderari

389 2179 522 2230 mihi
537 2175 920 2246 significaveris
935 2214 950 2239 ,
990 2193 1096 2228 non
1119 2177 1285 2228 solum
1310 2177 1411 2228 hoc
1430 2177 1603 2246 officii
1632 2197 1829 2248 genere
1866 2177 1969 2229 tibi

381 2247 610 2314 posthac
627 2242 973 2323 satisfaciam,
990 2244 1081 2294 sed
1097 2243 1255 2294 etiam
1275 2243 1383 2295 eius
1400 2245 1559 2314 longo
1580 2255 1810 2314 tempore
1832 2262 1865 2296 a
1884 2258 1967 2296 me

383 2312 744 2381 praetermissi
769 2327 981 2364 usuram
1021 2310 1424 2363 cumulatissime
1459 2314 1691 2365 reddam.
1722 2329 1727 2334 ·
1766 2311 1971 2378 Quanti

388 2397 511 2431 vero
533 2389 583 2431 te
588 2378 802 2448 faciam
813 2415 828 2441 ‚
873 2393 1130 2447 quamque
1150 2377 1231 2428 tui
1245 2378 1342 2429 sim
1363 2395 1585 2442 memor,
1609 2389 1789 2432 testem
1810 2379 1969 2430 habes

389 2447 642 2500 Ioannem
654 2445 1030 2508 masona-iem,
1043 2461 1194 2514 quem
1216 2445 1314 2496 tibi
1329 2463 1445 2498 cum
1463 2463 1665 2498 morum
1676 2447 1967 2523 probitate,

391 2523 501 2566 tum
531 2512 772 2564 doctrina
785 2508 1050 2579 singulari
1066 2511 1403 2564 conciliatum
1432 2530 1537 2566 esse
1558 2513 1735 2564 andso.
1806 2511 1969 2576 Eum,

390 2580 465 2632 mi
491 2574 724 2641 Murete,
763 2579 840 2630 sic
867 2581 1018 2632 velim
1039 2589 1132 2632 tua
1153 2579 1481 2632 humanitate
1501 2581 1869 2646 complectare,
1910 2589 1974 2630 ut

446 2659 486 2716 ¹¹)
516 2659 680 2706 Athen.
699 2659 750 2701 V·
774 2673 820 2713 p.
842 2661 932 2702 187.
954 2672 994 2702 a.
1230 2665 1233 2668 ’
