2275 3025
457 142 713 196 EPIST.
752 143 903 196 LIB.
938 142 979 195 1.
1014 143 1131 196 ΕΡ.
1167 143 1383 197 vai.
1420 145 1666 198 van.
1756 147 1852 197 1⁰1

287 246 526 300 ctoritati
547 259 681 296 suae
701 245 1023 312 paruissem,
1044 245 1372 310 poeniteret.
1423 245 1720 312 Respondi,
1741 248 1858 300 nul·

286 313 393 364 lam
412 313 697 381 pecuniam
719 309 853 361 mibi
872 325 995 360 esse
1015 310 1183 372 tanti,
1205 317 1264 361 ut
1281 309 1415 362 mihi
1435 312 1566 380 quid
1605 328 1728 363 uam
1747 315 1858 380 pla-

207 370 217 390 ⁵
286 389 452 442 ceret,
511 380 620 430 uod
642 376 901 428 Pontifici
922 376 1262 443 displiceret,
1295 383 1352 430 et
1370 376 1568 428 honori
1609 395 1730 430 cum
1747 383 1862 446 qui·
1905 395 1912 402 ·

286 447 407 498 dem
425 449 498 497 mi
541 445 561 495 i
580 446 757 494 visum
780 456 921 506 esse,
941 443 1089 510 quod
1109 458 1144 494 a
1161 449 1313 496 tanto
1333 459 1466 512 rege
1491 460 1742 506 vocarer,
1763 448 1862 499 sed

283 514 457 564 multo
477 509 954 572 honorificentius,
995 511 1141 577 quod
1163 517 1220 562 et
1257 526 1290 562 a
1311 511 1582 562 Pontifice
1623 517 1680 562 et
1704 527 1737 563 a
1761 514 1862 565 tali

285 579 559 632 Pontifice
586 576 871 627 retinerer.
940 575 1204 630 Pontifex
1226 585 1426 644 postea
1463 579 1754 646 epistolam
1793 582 1862 631 ad

282 657 373 697 me
402 645 554 696 misit
580 643 943 695 amantissime
966 642 1247 711 scriptam,
1293 660 1402 713 qua
1423 643 1494 696 ad
1531 637 1863 711 stipendium

288 713 707 778 quingentorum
718 725 1049 762 nummorum
1060 727 1368 774 aureorum,
1375 713 1522 780 quod
1532 713 1638 764 iam
1651 712 1864 781 pridem

291 777 602 844 capiebam,
638 776 983 844 significabat
1007 793 1068 830 se
1102 778 1367 832 ducentos
1396 790 1687 845 praeterea
1710 777 1862 832 addi-

292 843 457 896 disse.
500 843 709 896 Eodem
728 849 972 912 tempore
993 844 1306 898 Matthaeus
1329 846 1700 909 Centarellus,'
1717 847 1861 898 Pon-

290 909 791 973 titicisnatarius‚⁴)
812 913 895 962 vir
914 913 1183 964 eteximia
1202 911 1432 978 quadam
1444 915 1763 980 integritate
1784 914 1861 964 vi·

285 984 378 1058 tae
414 984 472 1058 ct
496 978 767 1046 singulari
784 978 1152 1057 Romanarum
1188 992 1370 1058 rer-um
1391 979 1764 1046 intelligentia
1780 981 1860 1030 in·

283 1061 457 1174 353¹&
481 1044 1436 1173 .i{1¹¹3⁶1¹›2‚112}23{¹0⁸1323¹11¹33t?13¹323:
1463 1051 1860 1180 ‘52‘2'1213'1553222‘1

282 1179 515 1246 primum
540 1177 865 1231 attribueret
890 1183 947 1231 et
972 1178 1284 1246 assignaret
1319 1193 1552 1233 annuam
1586 1185 1859 1230 trecento-

283 1259 707 1296 rumaureorum
717 1245 1053 1297 nummorum
1062 1246 1399 1313 pensionem.
1436 1245 1518 1298 lta
1558 1261 1626 1298 ue
1639 1253 1860 1298 textam

281 1311 618 1380 longinquus
646 1309 836 1363 effecit
854 1311 1171 1364 testimonio
1200 1319 1258 1365 et
1289 1313 1497 1364 iudicio
1563 1329 1596 1366 e
1621 1329 1706 1366 me
1734 1329 1856 1376 suo,

278 1384 341 1431 ut
366 1378 700 1430 sanctissimi
728 1377 1011 1430 Pontificis
1039 1379 1373 1432 liberalitate
1400 1381 1470 1433 ad
1499 1387 1717 1434 veteres
1743 1380 1857 1432 for·

276 1445 495 1498 tunulas
503 1459 653 1498 meas
663 1446 998 1500 accesserint
1006 1448 1172 1498 annui
1181 1449 1461 1515 quingenti
1473 1449 1626 1500 aurci
1635 1449 1854 1500 nummi.

281 1512 391 1567 Sed
414 1520 471 1565 et
488 1513 795 1565 cardinalis
812 1514 1087 1576 Estensis,
1118 1515 1284 1569 simul
1303 1522 1466 1582 atque
1486 1517 1652 1567 istinc
1671 1516 1856 1576 rediit,

280 1581 459 1648 amplo
496 1594 581 1631 me
614 1587 779 1647 atque
816 1576 1123 1633 honorifico
1158 1596 1382 1633 munere
1423 1582 1668 1632 donavit:
1709 1582 1856 1647 quod

282 1662 387 1715 ego
410 1662 477 1700 eo
499 1648 673 1715 magis
692 1647 1013 1713 praedicare
1034 1648 1238 1714 gestio,
1261 1648 1407 1713 quod
1425 1648 1545 1714 ipsc
1562 1655 1749 1699 tacere
1770 1664 1856 1699 me

280 1714 457 1765 iussit.
527 1713 835 1766 Parendum
853 1720 1036 1766 tamen
1059 1719 1169 1775 est,
1191 1728 1258 1763 ne
1273 1749 1288 1775 ,
1310 1713 1436 1763 dum
1457 1721 1644 1780 gratus
1665 1712 1858 1765 haberi

277 1780 425 1845 volo,
445 1795 531 1833 mc
550 1780 633 1832 illi
654 1796 763 1832 non
786 1783 920 1832 satis
940 1780 1274 1847 morigerum
1293 1780 1600 1845 praebeam.
1671 1780 1780 1833 Sed
1800 1788 1858 1833 et

278 1860 386 1915 ego
406 1846 697 1899 scribendo
721 1847 972 1899 defessus
990 1862 1135 1907 sum,
1159 1852 1216 1897 et
1233 1853 1289 1897 te
1299 1845 1566 1912 suspicor,
1579 1864 1701 1901 cum
1719 1847 1856 1901 haec

276 1922 387 1965 tam
406 1914 639 1966 verbose
661 1914 1116 1982 scripta-legeris,
1136 1912 1343 1965 fessum
1361 1912 1504 1967 fore.
1572 1915 1726 1969 Vale.
1748 1917 1854 1969 Ro-

278 1996 417 2033 mae.
438 1980 588 2033 Prid.
608 1980 733 2033 Kal.
753 1982 906 2033 Maii.
928 1994 1263 2033 nnnxxvm.

444 2214 691 2268 van.
738 2214 811 2266 Μ.
850 2214 1268 2267 ANTONIUS
1302 2209 1688 2267 MURETUS

560 2296 802 2335 ucoeo
842 2294 1113 2335 cuncto
1158 2299 1195 2334 1.
1235 2297 1284 2333 c.
1336 2295 1382 2331 s·
1423 2296 1471 2331 ι».
1510 2290 1568 2327 n.

342 2348 659 2433 Biennium
671 2381 779 2431 iam
804 2389 893 2433 est
910 2388 967 2433 et
986 2396 1053 2433 eo
1070 2382 1320 2449 amplius,
1343 2378 1547 2439 Cuiaci,
1566 2375 1632 2428 V.
1647 2375 1706 2427 C.
1727 2390 1850 2428 cum

274 2446 500 2499 Laelius
526 2448 826 2500 Ubaldinus
848 2455 903 2499 et
923 2449 1186 2499 Octavius
1206 2446 1732 2503 Bandinus‚'summo
1757 2458 1850 2508 ge-

272 2530 405 2566 nere
415 2518 529 2568 nati
540 2514 943 2576 adolescentes,
955 2516 1009 2565 in
1022 2515 1257 2565 Galliam
1277 2525 1338 2559 se
1349 2510 1652 2559 studiorum
1665 2522 1848 2566 causa,

277 2588 503 2634 auctore
540 2582 885 2649 potissimum
916 2586 1083 2646 atque
1116 2576 1416 2642 impulsore
1453 2586 1565 2633 me,
1605 2570 1850 2623 contule·

333 2659 374 2715 ¹¹)
406 2660 479 2704 Cf.
496 2660 619 2704 infra
635 2659 692 2702 ad
711 2658 749 2701 1.
767 2671 840 2713 cp.
861 2662 929 2700 81.
