2275 3025
573 152 831 207 Ems‘r.
868 153 1025 207 mn.
1057 154 1100 207 1.
1135 137 1261 211 ΕΡ.
1293 154 1362 207 x,
1396 114 1501 210 x‘1.
1764 154 1825 207 n

251 261 306 306 te
333 270 456 305 cum
482 252 566 305 his
593 253 797 305 litteris
822 257 1003 306 mitto.
1069 251 1281 305 Videor
1304 253 1548 307 facturus
1566 254 1824 309 iniuriam

251 320 574 373 humanitati
598 328 754 385 tuae,
793 322 843 372 si
867 328 924 372 te
946 330 1122 382 orem,
1149 326 1214 370 ut
1230 320 1300 371 ad
1313 321 1485 387 ipsius
1506 322 1721 373 litteras
1740 335 1825 375 re·

250 388 541 455 spondeas.
600 388 744 439 Puto
769 388 912 439 enim
929 404 956 439 s
997 393 1124 439 onte
1145 385 1435 439 facturum.
1490 388 1601 440 Sed
1618 394 1821 452 temen,

249 452 866 573 Ἓῖἕέἑῆῗιὲἓῒὲῗίῗ
884 454 1821 587 1211ss¹⁰02¹122223z³3³5gammm}

251 538 525 669 oeten-em,
562 593 694 669 peto
731 536 789 640 οἳ
822 538 1047 669 qusesg.
1121 588 1268 650 Quid
1302 587 1442 639 iem}
1477 557 1608 654 :quid
1644 586 1825 639 aliud}

300 654 425 717 ilul,
473 670 582 705 msi
607 660 670 705 ut
693 656 1064 709 valetudmem
1107 662 1258 708 tuam
1286 668 1445 707 cures
1480 660 1537 706 et
1558 668 1647 705 me
1676 668 1824 705 ames

251 728 307 773 et
330 722 528 772 Aldum
567 728 810 774 nostrum
844 724 1052 774 salutes
1076 736 1201 773 meo
1227 722 1475 786 nomine3
1512 734 1673 789 quem
1698 736 1823 788 ego,

247 787 655 911 ιὲιὲᾃξυὲίέἑίἑὲιὲ,
693 792 750 841 in
787 790 966 841 oculis
1001 788 1143 841 fero.
1212 787 1369 842 Vale.
1397 803 1446 843 a.
1471 789 1523 841 d.
1547 802 1669 841 xiv.
1698 788 1822 839 Kal.

685 1150 789 1201 xl.
829 1162 1038 1201 nunu
1073 1164 1387 1205 :suu-uo.

319 1216 500 1302 Heri
555 1249 625 1301 ad
663 1255 720 1301 te
766 1251 1132 1319 scripsissem,
1188 1252 1289 1304 sed
1330 1250 1482 1305 volui
1529 1251 1829 1321 gratificari

251 1318 472 1371 Lazaro
492 1316 782 1369 Mecenico
797 1354 812 1381 ,
840 1318 1185 1373 adolescenti
1205 1319 1431 1388 optimo,
1450 1319 1827 1389 ingeniosissi-

253 1400 371 1449 mo,
402 1383 548 1437 studi
555 1384 833 1449 osissim03
859 1386 1020 1455 *quod
1051 1389 1245 1453 etipse
1264 1388 1521 1439 incensus
1542 1393 1661 1439 erat
1679 1390 1828 1453 cupi-

254 1451 429 1503 ditate
470 1452 842 1520 cognoscendi
878 1455 986 1517 tui,
1025 1461 1082 1505 et
1117 1468 1241 1506 eum
1266 1468 1372 1522 ego
1402 1454 1688 1521 cupiebam
1713 1468 1748 1503 a
1770 1459 1828 1505 te

255 1519 538 1588 cognosci,
562 1521 629 1571 (le
651 1536 757 1587 quo
779 1535 864 1571 me
884 1527 993 1572 tam
1014 1536 1180 1588 saepe
1200 1523 1607 1589 praedicantem
1626 1520 1828 1574 audiis-

254 1600 364 1639 ses.
433 1583 543 1638 Hic
580 1589 726 1638 enim
753 1594 839 1639 est
865 1603 1003 1639 unus
1029 1588 1449 1655 propemodum,
1486 1587 1556 1638 de
1585 1600 1691 1654 quo
1720 1599 1825 1652 ego

254 1651 388 1705 mihi
425 1653 608 1704 omnia
643 1669 852 1706 summa
886 1653 1140 1723 polliceri
1180 1654 1383 1703 audent
1420 1665 1597 1718 neque
1622 1658 1827 1713 metuo,

255 1733 324 1770 ne
344 1733 430 1771 me
451 1735 578 1788 spes
597 1719 773 1772 fallat.
844 1720 1065 1782 Quaeso
1088 1725 1165 1780 te,
1178 1717 1545 1785 complectere
1566 1732 1689 1769 eum
1706 1731 1831 1768 mea

256 1800 424 1838 causa
459 1801 620 1853 quam
656 1784 866 1852 poteris
904 1785 1316 1848 humanissime:
1354 1783 1548 1866 dignus
1576 1791 1661 1836 est
1685 1786 1829 1838 enim

257 1855 408 1903 omni
423 1851 812 1903 benevolentia
825 1858 988 1918 atque
1009 1866 1212 1903 amore.
1246 1849 1527 1920 Ingenium
1543 1868 1829 1916 summum,

253 1918 529 1970 industria
547 1918 804 1980 mirifica,
823 1932 1006 1970 mores
1027 1919 1221 1986 optimi
1240 1926 1401 1988 atque
1420 1921 1827 1988 incorruptissi-

254 1989 346 2036 mi.
415 1983 671 2052 Denique
697 1985 953 2053 quicquid
982 1986 1091 2039 dici
1111 1986 1181 2038 de
1198 1987 1300 2040 illa
1316 1993 1499 2039 aetate
1520 1986 1826 2040 honorifice

255 2058 464 2117 potest,
502 2052 560 2103 id
593 2067 679 2104 me
708 2053 776 2106 de
805 2068 872 2104 eo
905 2053 1111 2106 dixisse
1159 2060 1215 2105 et
1240 2055 1438 2106 merito
1477 2053 1683 2106 dixisse
1722 2055 1823 2105 tibi

255 2119 603 2184 persuadeto.
671 2119 919 2188 Accipies
949 2122 1019 2173 ab
1039 2136 1131 2183 eo,
1163 2122 1310 2188 quod
1328 2127 1581 2188 superest
1598 2119 1825 2182 Tibulli,
1892 2159 1899 2170 .

257 2189 315 2234 et
351 2182 564 2236 scholia
596 2201 719 2238 mea
751 2188 809 2238 in
835 2187 1062 2254 primum
1088 2189 1312 2240 librum:
1350 2189 1418 2239 de
1478 2186 1638 2236 uibus
1666 2185 1826 2251 cupio

254 2252 447 2304 audire
471 2253 734 2304 iudicium
756 2259 922 2305 tuum.
995 2254 1138 2315 Quid
1160 2263 1270 2316 est,
1297 2253 1444 2320 quod
1504 2253 1631 2303 odie
1652 2250 1720 2300 ad
1740 2265 1827 2300 me

253 2317 520 2394 Molinius
540 2320 760 2386 scripsit
775 2355 789 2382 ,
811 2321 948 2371 mira
966 2321 1231 2400 quaedam
1253 2335 1376 2372 esse
1390 2356 1405 2381 ‚
1464 2332 1564 2367 uae
1584 2322 1645 2367 tu
1672 2315 1827 2378 mihi,

255 2397 379 2436 eum
419 2387 564 2438 istuc
601 2387 900 2450 venissem,
947 2387 1193 2439 dicturus
1222 2383 1407 2437 esses?
1482 2383 1613 2433 ime
1661 2395 1827 2443 amas,

257 2452 516 2519 quicquid
536 2457 640 2514 est,
659 2453 856 2504 scribe.
926 2453 1046 2521 Ego
1068 2453 1231 2512 enim,
1252 2451 1357 2502 nisi
1378 2449 1507 2517 quid
1528 2447 1678 2498 aliud
1688 2449 1828 2497 acci-

253 2519 424 2592 derit,
461 2519 701 2570 nondum
730 2535 816 2570 me
841 2521 986 2570 istuc
1011 2524 1298 2571 venturum
1327 2521 1477 2584 puto.
1544 2511 1701 2562 Vale.
1730 2523 1827 2560 xv·

255 2583 378 2636 Kal.
399 2586 809 2640 lunii.Patavi0.

327 2729 718 2787 Mmuquv.
1460 2693 1499 2755 1'3
