2275 3025
439 115 532 166 186
966 111 1045 162 M.
1081 111 1144 162 A.
1179 110 1491 163 MURETI

431 213 625 266 randis
662 209 895 271 eruditis
922 208 1236 264 hominibus
1265 223 1483 277 semper
1509 215 1861 278 occupatam,
1893 217 2039 266 nun·'

434 296 595 348 quam
616 277 974 345 defatigatam
1010 277 1189 328 fuisse
1208 279 1608 345 intelligebam.
1675 279 1758 329 lbi
1785 293 1950 344 quam
1966 288 2032 332 tu
2059 311 2066 317 ·

432 361 521 398 me
551 344 863 396 humaniter
899 346 1187 410 exceperis
1210 380 1226 406 ‚
1267 361 1428 412 quam
1465 345 1700 396 comiter
1748 345 2029 397 allo-cutus

433 413 609 464 fueris
631 448 646 475 ‚
687 425 847 479 quam
886 411 1103 477 prolixe
1140 412 1427 472 detuleris,
1459 412 1718 476 quicquid
1751 427 1786 460 a
1809 417 1868 462 te
1903 426 2032 462 mea

436 493 607 530 eausa
625 479 747 528 fieri
767 483 961 542 posset
980 513 995 538 ,
1034 483 1093 526 et
1123 477 1345 532 memini
1367 512 1381 539 ,
1418 479 1721 537 Avansoni,
1761 478 1930 528 decus
1970 484 2030 528 et

433 545 773 612 praesidium
791 543 1122 604 litterarum,
1145 549 1203 592 et
1223 557 1291 593 eo
1313 545 1490 609 magis
1508 544 1750 605 memini,
1772 544 1924 610 quod
1943 558 2029 594 re-

437 611 689 663 cordatio
704 611 821 661 sive
840 608 1169 658 rusticitatis
1188 609 1305 658 sive
1317 611 1629 675 superbiae,
1645 624 1804 675 quam
1826 611 1882 659 in
1903 609 2028 660 aliis

438 675 763 744 quibusdam
804 681 1063 740 expertus
1084 673 1319 732 fueram,
1349 673 1710 727 humanitatis
1725 677 1879 726 illius
1898 681 2028 726 tuae

394 769 399 772 ·
435 743 756 794 memoriam
776 738 907 790 mihi
928 741 1311 790 iucundiorem
1331 741 1484 791 facit.
1535 743 1640 792 Est
1654 757 1788 792 vero
1812 741 1880 792 ad
1900 756 2028 792 con·

362 851 367 860 .
436 808 711 858 ciliandos
750 804 1036 876 homi-num·
1068 809 1282 856 animos
1321 808 1706 873 potentissima
1723 822 1840 869 res,
1861 807 2029 858 comi-

436 879 525 925 tas
546 871 955 937 affabilitasque
992 872 1282 925 sermonis.
1353 872 1639 940 Nunquam
1653 910 1668 936 ‚
1687 872 2028 935 mihicrede,

436 945 637 1008 postea
672 938 817 989 desii
849 939 1121 1004 cogitare,
1163 953 1303 1004 quae
1338 939 1476 989 mihi
1509 940 1854 1007 potissimum
1877 945 2030 990 esset

434 1005 680 1058 ineunda
717 1005 861 1056 ratio
888 1005 1230 1056 testificandi
1247 1005 1434 1072 aliqua
1450 1007 1507 1055 in
1523 1012 1680 1072 parte
1699 1005 2031 1071 scriptorum

436 1086 705 1133 meorum,
745 1087 909 1138 quam
942 1072 1236 1138 magnifice
1265 1073 1528 1123 sentirem
1558 1072 1630 1123 de
1646 1072 1898 1127 maximis
1916 1072 2029 1125 tuis

436 1139 1009 1208 praeclarissimisque
1063 1139 1400 1202 virtutibus&v
1441 1139 1549 1189 etsi
1593 1139 1730 1189 satis
1779 1137 2030 1206 explora·

438 1213 556 1256 tum
576 1205 872 1266 habebam,
888 1205 1111 1254 minime
1134 1207 1374 1255 omnium
1400 1211 1456 1256 te
1478 1211 1575 1255 aut
1591 1219 1714 1255 meo
1737 1211 1834 1255 aut
1849 1205 2032 1256 cuius-

439 1286 605 1336 quam
639 1271 961 1320 testimonio
1000 1270 1273 1335 indigere.
1342 1270 1494 1321 Nam*
1518 1284 1676 1337 quae,
1755 1286 1816 1321 er
1848 1270 2032 1322 Deum

439 1335 826 1395 immortalem,
837 1351 962 1401 pars
984 1337 1184 1386 aetatis
1205 1342 1330 1386 tuae
1353 1352 1463 1388 non
1483 1352 1552 1388 ea
1568 1337 1674 1388 fuit
1687 1352 1718 1386 c
1743 1337 1944 1388 aritate
1965 1350 2032 1388 ac

440 1401 764 1467 splendore,
786 1407 847 1450 ut
863 1401 1145 1451 illustrare
1167 1402 1353 1466 potius
1373 1403 1472 1453 illa
1491 1405 1652 1466 alios,
1669 1418 1832 1470 quam
1849 1403 2036 1454 aliena

441 1467 569 1521 luce
587 1467 857 1518 illustrari
876 1465 1079 1519 debere
1098 1467 1380 1521 videatur?
1400 1469 1507 1531 Qui
1527 1471 1758 1538 primum
1779 1477 1942 1523 natus
1971 1483 2034 1523 es

444 1549 514 1587 ea
524 1550 592 1586 ex
608 1540 793 1601 gente,
808 1549 915 1601 qua
932 1534 1084 1585 nulla
1092 1538 1238 1588 inter
1246 1536 1473 1587 Allobro
1479 1552 1674 1603 gas‚ne
1695 1538 1826 1605 quid
1847 1536 2037 1605 ampli·

443 1618 511 1653 us
531 1602 735 1663 dicam,
760 1602 852 1653 vel
876 1602 1158 1669 antiquior
1181 1604 1274 1653 vel
1292 1605 1439 1653 omni
1500 1619 1666 1663 enere
1687 1610 2036 1665 ornamento,-

384 1674 387 1679 '
441 1668 917 1721 rum-cumulatior
932 1670 1165 1737 reperiri
1189 1675 1390 1735 potest.
1461 1620 1598 1731 {uis
1619 1672 1763 1721 enim
1775 1670 1982 1733 nescit,
2003 1683 2036 1720 e

446 1736 963 1788 Sammarcellorum
1014 1736 1228 1787 familia
1247 1771 1262 1798 ,
1322 1743 1581 1803 tanquam
1617 1752 1648 1787 e
1685 1736 2038 1789 fertilissimo

446 1803 685 1867 quodam
711 1805 1107 1866 praestantium
1134 1802 1413 1854 hominum
1433 1803 1756 1865 seminario,
1793 1804 2038 1854 innume-

444 1868 653 1918 rabiles
672 1869 823 1916 viros
842 1868 975 1917 belli
990 1870 1256 1935 pac-isque
1277 1870 1487 1920 artibus
1510 1870 1850 1930 clarissimos
1870 1870 2039 1921 exsti·

446 1932 616 1983 tisse‘i
636 1932 819 1981 Testis
838 1932 1125 1995 Ravenna,
1149 1949 1292 1999 quae
1309 1936 1655 1987 memorabili
1695 1935 1796 1987 illo
1817 1934 2037 2004 proelio

448 1997 591 2049 duos
618 2011 649 2047 e
676 1998 787 2047 tuis
815 1996 1120 2049 fortissime
1155 2014 1256 2063 pro
1277 2003 1456 2066 patria
1475 2003 1802 2055 dimicantes
1819 2003 2038 2064 mirata,

446 2064 600 2133 prius
620 2062 839 2113 tandem
860 2064 1108 2114 ultimum
1148 2066 1376 2117 edentes
1403 2068 1654 2145 spiritum
1679 2069 1846 2130 vidit,
1877 2083 2041 2147 quam

446 2131 618 2182 ullam
637 2129 832 2182 dantes
854 2128 1018 2179 fracti
1040 2136 1135 2180 aut
1156 2130 1444 2199 defatigati
1456 2133 1720 2201 periculis
1755 2136 1925 2185 anim1
1942 2148 2039 2185 no·

444 2202 577 2249 tam.
647 2196 815 2247 Patre
835 2209 967 2246 vero
988 2203 1105 2257 tuo,
1126 2196 1288 2262 q‘uem
1305 2213 1544 2265 unquam
1567 2200 1929 2267 Allobrogum
1954 2210 2040 2251 se-

446 2271 609 2315 natus
629 2262 839 2323 habuit,
861 2269 957 2312 aut
976 2262 1196 2313 iustitia
1212 2270 1268 2314 et
1289 2266 1588 2332 aequitate,
1607 2272 1706 2317 aut
1724 2268 1960 2318 consilio
1981 2273 2042 2317 et

444 2330 856 2401 prudentia,aut
864 2329 1170 2380 divinarum
1181 2328 1838 2399 humanarumquelegum
1851 2334 2039 2412 cogni-

449 2398 602 2449 tione
619 2402 677 2446 et
694 2396 931 2447 scientia
950 2396 1325 2462 superioremi
1362 2398 1530 2449 Cuius
1567 2406 1630 2449 tu
1653 2412 1765 2464 per
1798 2400 2042 2465 vestigia

446 2462 505 2510 in
578 2476 754 2523 essus,
764 2459 823 2510 in
842 2462 1062 2524 itinere,
1077 2462 1224 2528 quod
1246 2463 1314 2512 ad
1337 2478 1520 2514 veram
1542 2465 1778 2531 gloriam
1789 2466 1959 2526 ducit,
1973 2478 2042 2514 ea

447 2538 513 2575 ce
538 2525 737 2575 eritate
775 2528 1113 2593 properasti,
1151 2534 1212 2577 ut
1248 2528 1426 2579 altero
1458 2535 1516 2580 et
1539 2529 1804 2581 vicesimo
1837 2530 2040 2581 aetatis

445 2596 577 2643 tuae
598 2603 758 2650 anno,
781 2590 962 2655 Senis,
983 2608 1093 2660 qua
1108 2599 1225 2645 tum
1243 2594 1302 2645 in
1323 2595 1548 2663 civitate
1566 2595 1706 2644 iuris
1726 2596 1906 2648 civilis
1926 2602 2039 2647 stu·
