2275 3025
470 156 737 210 EPIST.
774 155 931 208 LIB.
972 157 1081 210 111.
1116 157 1238 212 ΕΡ.
1272 157 1445 209 xm.
1485 157 1646 212 xlv.
1769 155 1870 208 225

276 258 389 312 Sed
405 263 563 310 tanto
582 271 709 308 mea
726 256 927 308 melior
944 256 1133 308 futura
1153 259 1402 310 conditio
1427 264 1532 309 est:
1556 265 1617 309 tu
1637 259 1802 320 enim,
1824 257 1876 307 si

276 341 385 392 qua
410 340 444 374 a
469 339 554 375 me
580 326 703 390 ipso
732 330 963 389 peccata
990 332 1173 384 erunt,
1205 339 1272 374 ea
1290 325 1404 386 illi,
1445 325 1536 402 qui
1559 324 1874 388 descripsit,

275 391 579 443 adscribes.
648 389 731 440 Mi
748 391 978 442 Sacrate
1012 392 1220 456 optime
1243 396 1301 441 et
1320 390 1678 451 amicissime,
1708 388 1875 439 etiam

278 464 443 525 atque
474 459 643 508 etiam
666 456 809 508 vale.
844 456 1069 507 Romae.
1101 471 1274 508 xvm.
1301 456 1536 508 Kalend.
1565 455 1873 506 Februarii.

277 539 527 576 »maxum

686 817 843 870 XIV.
884 831 1103 870 mnan
1141 833 1462 870 sacas-ro.

342 881 522 969 Puto
550 917 745 968 mirum
771 909 873 970 tibi
892 919 1094 981 videri,
1122 919 1272 986 quod
1304 925 1414 970 tam
1441 918 1535 970 diu
1560 913 1700 969 nihil
1729 915 1802 966 aa
1819 923 1878 966 to

279 985 622 1052 scripserim,
657 986 981 1050 praesertim
1013 990 1349 1051 provocatus
1370 999 1404 1034 a
1423 991 1480 1034 te
1502 983 1878 1035 amantissime

281 1057 337 1102 et
357 1052 763 1102 officiosissime
786 1050 1006 1116 scriptis
1030 1051 1260 1112 litteris,
1285 1066 1421 1116 quas
1443 1051 1512 1100 ad
1532 1065 1619 1101 me
1640 1051 1750 1100 iam
1770 1049 1881 1114 pri-

281 1118 403 1168 dem
426 1117 648 1168 dedisti.
721 1117 895 1183 Spero
924 1124 1107 1167 tamen
1134 1124 1192 1167 te
1214 1116 1382 1167 facile
1399 1118 1694 1184 ignoscere
1719 1129 1880 1166 occu·

278 1183 597 1251 pationibus
623 1185 781 1245 meis,
804 1197 982 1250 neque
1003 1188 1304 1250 propterea
1323 1183 1576 1234 dubitare
1599 1182 1666 1233 de
1689 1195 1878 1233 amore

278 1258 445 1316 atque
478 1242 833 1299 observantia
862 1264 996 1316 erga
1032 1257 1087 1300 te
1124 1265 1272 1312 mea,
1314 1263 1480 1330 quae,
1519 1247 1656 1301 mihi
1691 1247 1879 1310 crede,

277 1323 440 1368 tanta
474 1322 591 1376 est,
626 1322 685 1365 ut
718 1316 986 1367 accedere
1019 1315 1158 1366 nihil
1190 1321 1386 1382 possit.
1459 1316 1630 1366 Cuius
1649 1316 1734 1366 rei
1755 1329 1880 1365 cum

278 1384 421 1434 alios
448 1382 552 1432 tibi
580 1382 784 1434 multos
806 1388 1005 1443 testes,
1028 1385 1077 1434 si
1099 1398 1238 1450 opus
1262 1386 1359 1444 sit,
1384 1382 1610 1435 laudare
1631 1397 1879 1450 possum,

278 1456 395 1501 tum
432 1449 523 1499 vel
558 1449 807 1515 inprimis
845 1449 1099 1500 Laelium
1138 1455 1387 1502 nostrum
1406 1485 1422 1513 ‚
1463 1450 1880 1500 adolescentem

282 1518 545 1582 optimum
569 1523 626 1566 et
648 1517 1059 1579 suavissimum,
1092 1520 1185 1586 qui
1244 1519 1427 1568 uoties
1455 1532 1542 1568 me
1571 1516 1748 1579 videt,
1777 1514 1880 1577 (vi-

280 1582 376 1634 det
395 1590 578 1632 autem
598 1581 717 1632 fere
740 1584 1033 1649 quotidie‚)
1059 1590 1116 1633 et
1136 1600 1228 1633 mu
1251 1590 1310 1633 ta
1327 1582 1464 1633 mihi
1480 1581 1672 1632 auditu
1689 1582 1881 1631 iucun·
1915 1628 1920 1633 .

280 1648 510 1699 dissime.
551 1649 618 1698 de
656 1655 753 1698 tua
787 1649 870 1699 sin
950 1649 1059 1697 lari
1100 1650 1301 1697 virtute
1340 1655 1504 1713 atque
1540 1645 1879 1697 humanitate

280 1720 693 1775 commemorat,
716 1719 773 1762 et
792 1726 863 1762 au
902 1715 947 1762 it
964 1728 1051 1762 me
1073 1714 1318 1763 vicissim
1339 1712 1407 1762 de
1427 1718 1485 1761 te
1506 1725 1595 1770 ea,
1625 1725 1766 1777 quae
1788 1711 1880 1760 de·

278 1780 387 1829 beo
427 1783 485 1828 et
505 1792 646 1843 quae
666 1779 848 1829 sentio
864 1815 879 1840 ,
901 1777 1325 1845 praedicantem.
1400 1776 1509 1828 Sed
1538 1777 1701 1827 mitto
1723 1774 1878 1826 haec.

280 1844 475 1911 Neque
508 1845 653 1893 enim
686 1844 939 1894 dubitare
973 1850 1169 1909 potes,
1209 1844 1339 1908 quin
1372 1859 1407 1893 a
1432 1858 1520 1893 me
1555 1842 1788 1893 mirifice
1817 1857 1881 1893 ac

282 1909 641 1977 singulariter
660 1910 889 1971 ameris,
917 1910 1131 1960 nisime
1153 1910 1427 1977 ingratum
1449 1917 1612 1977 atque
1634 1908 1881 1961 inhuma-

281 1992 410 2028 num
431 1982 617 2044 putas5
646 1982 759 2026 tam
786 1976 927 2027 male
958 1983 1143 2027 autem
1162 1982 1218 2027 te
1241 1977 1308 2027 de
1328 1992 1415 2027 me
1438 1978 1645 2027 sentire
1665 1992 1776 2027 non
1797 1991 1882 2027 ar·-

281 2042 479 2094 bitror.
548 2041 951 2108 Interpretatus
987 2060 1107 2094 sum
1135 2042 1336 2094 Latine
1372 2042 1458 2096 hi's
1500 2044 1695 2097 diebus
1727 2043 1881 2111 quin·

283 2116 399 2162 tum
446 2105 771 2159 Ethicorum
819 2111 1158 2161 Aristotelis.
1227 2110 1364 2161 Eius
1401 2110 1882 2176 interpretationis

282 2178 445 2227 mitto
469 2174 538 2225 ad
562 2180 615 2225 te
638 2176 976 2243 exemplaria
992 2178 1127 2228 tria:
1151 2193 1334 2239 unum,
1356 2177 1505 2244 quod
1530 2175 1633 2227 tibi
1655 2170 1884 2226 habeas.

284 2241 543 2310 quodque
569 2242 844 2292 interdum
873 2245 1091 2294 intuens
1132 2245 1201 2295 de
1239 2259 1325 2295 me
1358 2245 1602 2309 cogites;
1626 2242 1883 2302 alterum,

286 2308 434 2376 quod
458 2322 583 2358 meo
607 2310 828 2359 nomine
849 2309 948 2359 des
966 2309 1298 2373 Francisco,
1327 2326 1488 2388 quem
1514 2324 1621 2374 ego
1645 2312 1702 2358 et
1723 2306 1882 2357 valde

286 2390 437 2436 amo,
468 2380 526 2424 et
543 2374 705 2425 valde
730 2390 817 2425 me
840 2377 907 2426 ab
932 2390 999 2427 eo
1034 2378 1206 2427 amari
1234 2391 1425 2441 cup103
1451 2376 1704 2435 tertium,
1733 2372 1884 2441 quod

286 2456 407 2492 cum
435 2442 539 2491 tibi
570 2442 919 2493 commodum
944 2444 1075 2505 erit,
1105 2445 1294 2493 mittas
1325 2442 1394 2491 ad
1433 2442 1799 2492 clarissimum
1830 2445 1887 2489 et
1937 2440 1948 2449 '

286 2508 716 2559 eruditissimum
726 2510 920 2571 virum,
944 2510 1264 2575 episcopum
1277 2509 1885 2573 carpentoractensem.

285 2571 429 2624 Puto
453 2576 597 2625 enim
619 2590 717 2642 pro
744 2589 812 2625 eo
834 2589 1021 2626 amore
1042 2578 1100 2627 in
1120 2590 1226 2637 me,
1275 2589 1398 2625 uem
1420 2573 1553 2625 mihi
1574 2590 1696 2625 cum
1717 2576 1900 2637 saepe·

285 2640 425 2691 alias
442 2675 458 2702 ,
478 2647 593 2691 tum
613 2643 896 2709 proxime,
928 2657 1048 2693 cum
1071 2641 1199 2693 hinc
1219 2657 1252 2691 a
1292 2643 1468 2693 iturus
1490 2647 1672 2705 esset,
1702 2646 1885 2691 osten-

353 2714 619 2767 Munnr.
659 2718 764 2769 Er.
1508 2710 1551 2762 P
