2275 3025
415 156 423 164 '
481 141 735 202 EPIST.
773 147 929 199 Lm.
967 148 1011 198 1.
1050 147 1168 199 ΕΡ.
1204 146 1396 198 Lxll.
1431 147 1658 200 Lxln.
1801 146 1866 199 95
1929 179 1936 190 ι

284 247 535 301 scribam.
608 249 741 302 Sum
785 249 933 298 enim
980 247 1165 296 animo
1208 261 1272 299 ac
1307 248 1589 300 voluntate
1639 261 1773 315 erga
1806 256 1864 300 te

282 317 445 384 plane
465 322 711 384 paterna.
786 312 897 366 Sed
914 315 1016 364 vix
1039 310 1256 374 eredas,
1279 329 1440 380 quam
1462 316 1562 366 sim
1583 317 1639 366 in
1660 315 1766 366 hoc
1786 331 1870 366 se·

286 398 447 434 cessu
488 388 816 450 occupatum
854 395 1014 447 quem
1032 387 1220 430 tamen
1247 381 1498 448 plerique
1527 397 1716 432 omnes
1745 397 1868 434 esse

280 451 513 518 plenum·
528 450 629 501 otii
647 452 858 515 putant.
928 447 1000 497 Et
1019 447 1273 513 quotidie
1294 448 1487 514 quinas
1507 454 1602 500 aut
1621 463 1782 499 senas
1803 451 1871 500 ab

286 518 477 568 amicis
498 518 714 567 litteras
734 514 972 579 accipio,
1006 515 1077 564 ad
1100 528 1235 580 quas
1257 515 1308 565 si
1326 515 1662 582 respondere
1684 530 1888 566 omnes.

286 585 471 644 velim,
487 582 567 633 nil
588 581 737 632 aliud
758 580 1023 648 agendum
1043 583 1132 632 sit.
1208 581 1436 632 Gratum
1459 588 1546 634 est
1561 581 1712 644 mihi,
1765 583 1876 634 uod

288 649 607 716 applicuisti
627 654 681 698 te
703 647 769 698 ad
810 649 1262 700 consuetudinem
1287 648 1349 700 P.
1371 649 1591 701 Aemilii
1619 657 1677 700 et
1755 663 1874 702 ora·

288 718 357 767 tii
375 716 671 766 Macarani.
744 715 944 765 Eorum
974 719 1120 768 enim
1139 723 1373 784 uterque
1393 724 1450 767 te
1470 723 1528 768 et
1546 717 1810 769 doctrina
1821 722 1879 767 et

294 781 546 848 exemplo
584 783 796 834 efficere
831 783 1121 835 meliorem
1158 790 1362 850 potest.
1432 785 1598 836 Tales
1637 790 1872 840 sectare.

296 847 403 910 Qui
432 847 608 900 autem
636 849 746 899 alio
776 849 1003 916 ingenio
1024 856 1176 913 sunt,
1206 860 1393 903 eorum
1421 852 1873 904 consuetudinem

293 916 447 983 quasi
484 923 693 984 pestem
730 916 970 983 aliquam
1014 919 1149 968 vita.
1218 918 1396 968 Aetati
1425 923 1554 968 tuae
1583 917 1723 968 nihil
1751 918 1874 969 dili-

289 984 507 1051 gentius
532 983 929 1051 providendum
950 990 1062 1045 est,
1090 999 1251 1050 quam
1273 984 1468 1050 quibus
1488 984 1874 1042 sodalitatibus

285 1055 462 1102 utare.
549 1050 742 1116 Neque
799 1064 905 1116 ego
953 1063 1208 1100 severum
1259 1064 1382 1102 esse
1422 1055 1478 1100 te
1515 1066 1584 1102 ae
1619 1051 1874 1106 tetricum

288 1119 545 1184 'omnique
593 1115 787 1184 generi
827 1116 1172 1182 voluptatum
1215 1117 1492 1169 inimicum
1531 1117 1680 1170 volo.
1748 1115 1874 1169 Hoc

287 1191 499 1236 tantum
523 1198 748 1244 moneo,
777 1197 888 1233 non
917 1197 1015 1234 eas
1040 1184 1312 1236 amicitias
1338 1185 1706 1251 quaerendas,
1731 1199 1874 1252 quae

288 1251 642 1302 dulcissimae
669 1250 983 1313 videantur,
1017 1251 1118 1302 sed
1139 1251 1504 1303 inducendum
1527 1252 1785 1314 animum,
1816 1259 1874 1305 ut

288 1333 430 1385 quae
457 1317 879 1369 honestissimae
908 1324 1058 1380 sunt,
1087 1319 1309 1370 easdem
1339 1322 1501 1371 etiam
1525 1319 1871 1371 dulcissimas

290 1401 416 1437 esse
437 1401 502 1436 ac
529 1384 880 1437 suavissimas
900 1390 1077 1452 putes.
1148 1385 1228 1436 Mi
1247 1387 1580 1450 Alexander,
1610 1387 1776 1440 etiam
1795 1396 1873 1438 at-

291 1468 396 1522 que
417 1454 585 1504 etiam
602 1451 745 1504 vale.
768 1451 992 1506 Tibure.
1015 1469 1064 1504 v.
1090 1453 1170 1508 ld„
1191 1457 1416 1524 August.
1442 1469 1664 1506 unnxx.

677 1752 903 1807 Lxm.
941 1767 1158 1805 nmen
1191 1766 1492 1805 mrmuo.

360 1820 561 1918 Vide,
593 1870 753 1923 quam
781 1861 836 1906 te
868 1869 1043 1907 amen.
1114 1853 1249 1905 Cum
1285 1869 1319 1906 a
1341 1854 1528 1906 multis
1549 1850 1714 1907 hodie
1735 1853 1857 1909 litte

296 1936 388 1975 ras
408 1919 739 1991 acceperim,
766 1921 904 1973 nihil
923 1920 1053 1973 mihi
1076 1922 1227 1989 prius
1247 1920 1556 1974 faciendum
1576 1936 1700 1975 esse
1727 1923 1878 1989 duxi,

335 2006 459 2041 uam
479 1996 541 2041 ut
560 1990 629 2041 ad
649 1996 705 2041 te
724 1991 1070 2058 potissimum
1090 1989 1472 2041 rescriberem.
1545 1990 1690 2042 Cave
1701 1998 1883 2058 putes,

342 2056 607 2110 lexander
624 2058 728 2119 mi,
748 2059 856 2125 ipsi
876 2065 934 2109 te
947 2058 1096 2125 ‚patri
1115 2063 1214 2109 tuo
1237 2059 1504 2109 cariorem
1525 2072 1649 2110 esse
1663 2094 1679 2120 ‚
1721 2072 1881 2125 quam

296 2123 451 2176 mihi.
521 2126 599 2177 Ac
637 2125 687 2175 si
721 2140 979 2193 quaeras,
1023 2140 1163 2193 quae
1189 2140 1355 2177 causa
1379 2127 1452 2176 sit
1480 2124 1640 2177 huius
1668 2138 1803 2191 erga
1823 2132 1881 2175 te

296 2193 441 2244 tanti
464 2193 667 2243 amoris
686 2193 820 2255 mei,
848 2208 917 2245 ne
936 2195 1111 2245 vivam
1125 2229 1139 2254 ,
1171 2192 1216 2243 si
1239 2193 1400 2244 aliam
1421 2192 1623 2244 afferre
1639 2204 1882 2259 possum,

298 2274 461 2327 quam
483 2262 628 2327 quod
650 2259 991 2327 videor-mihi
1012 2261 1528 2311 animadvertissem
1538 2257 1882 2323 teingenium

300 2328 600 2389 excellens,
623 2336 695 2390 et,
719 2330 769 2380 si
790 2336 850 2380 tu
867 2328 1132 2391 volueris,
1155 2328 1226 2379 ad
1247 2328 1429 2378 omnia
1447 2339 1656 2377 summa
1680 2330 1882 2375 natum.

300 2393 413 2447 Sed
448 2402 511 2446 tu
546 2392 655 2447 hoc
690 2394 860 2449 facito
898 2402 1081 2446 tecum
1122 2395 1360 2462 cogitem
1395 2392 1597 2443 multas
1633 2405 1724 2441 res
1761 2406 1888 2442 esse

300 2460 496 2528 suapte
522 2462 741 2529 quidem
768 2469 963 2514 natura
978 2463 1178 2523 bonas,
1207 2462 1306 2512 sed
1329 2473 1466 2526 quae
1493 2456 1653 2522 culpa
1674 2472 1882 2519 eorum,

301 2529 395 2595 qui
419 2530 547 2581 illus
575 2530 892 2597 possident,
919 2530 1194 2580 interdum
1220 2528 1493 2594 pessimae
1521 2538 1585 2603 ac
1613 2523 1884 2601 pernicio·

299 2597 553 2648 sissimae
577 2598 741 2649 flant.
809 2596 999 2647 Bonae
1042 2601 1171 2646 sunt
1208 2607 1368 2659 opes3
1405 2591 1502 2640 sed
1537 2604 1586 2639 s1
1651 2604 1736 2639 ms
1774 2602 1883 2635 non

298 2671 451 2718 recte
478 2671 688 2728 utatur,
726 2663 923 2715 malae.
992 2662 1209 2713 Bonum
1232 2660 1431 2718 forma3
1467 2654 1608 2705 sedi
1679 2654 1882 2702 bonum

672 2788 700 2807 N-
