2275 3025
526 127 785 182 EPIST.
822 129 975 182 Lm.
1013 129 1056 182 1.
1092 130 1210 182 ΕΡ.
1249 94 1556 183 Lxxxir.
1751 131 1848 183 133

241 227 483 281 disserte
513 244 581 279 ac
610 230 923 282 luculenter
944 230 1319 298 explicabant,
1364 237 1426 281 ut
1443 231 1624 281 Ulixis
1643 231 1850 292 Home-

239 297 344 347 rici
364 297 741 347 narrationem
762 297 995 348 Alcinoo
1026 313 1093 347 ac
1104 295 1456 347 Phaeacibus
1476 298 1654 348 minus
1673 297 1850 349 fuisse

238 361 535 413 iucundam
563 369 766 430 putem.
838 363 1228 414 Admiscueras
1257 363 1421 413 etiam
1449 363 1530 412 eis
1559 364 1854 430 plurimum

240 428 416 479 nativi
426 429 579 479 illius
600 431 811 495 leporis
832 437 891 480 et
907 427 1202 495 αὐτοφυοῦς
1222 429 1569 492 urbanitatis,
1587 445 1693 495 qua
1701 445 1856 496 prae·

242 509 371 546 sens
394 500 523 546 tuos
545 510 833 546 sermones
858 496 1168 548 condiebas
1192 532 1206 557 ,
1221 502 1282 546 ut
1303 509 1398 545 eas
1419 497 1633 561 legens,
1645 502 1858 546 tantum

244 576 355 612 non
366 568 623 628 spectare
636 569 690 613 te
697 577 764 613 ac
774 569 828 613 te
836 577 959 614 cum
971 561 1319 614 confabulari
1336 561 1571 612 viderer.
1607 562 1861 613 Accessit

244 627 317 677 ad
360 629 701 693 voluptatem
738 643 914 682 meam
925 661 949 692 ,·
981 629 1132 696 quod
1169 635 1400 696 patruus
1427 636 1557 679 tuus
1587 627 1652 679 V.
1679 630 1738 678 C.
1763 629 1857 696 qui

247 707 345 744 eas
364 692 499 744 mihi
520 710 695 762 usque
714 697 772 746 in
796 695 1141 755 Quirinalem
1177 695 1292 757 (ibi
1313 696 1458 746 enim
1470 711 1616 747 nunc
1635 700 1856 758 sumus)

243 759 489 827 ipsemet
515 762 730 825 attulit,
762 762 1010 814 ostendit
1030 760 1165 812 mihi
1185 764 1352 812 etiam
1375 776 1498 823 eas,
1531 776 1668 828 quas
1689 763 1761 814 ad
1781 762 1856 812 al-

245 832 429 878 terum
483 835 737 892 patruum
783 830 1118 895 scripseras:
1175 828 1376 894 quibus
1421 829 1615 880 eadem
1659 842 1856 895 prope,

285 907 390 943 uae
434 894 493 944 ia
528 895 695 957 meis,
733 896 834 946 sed
874 895 1073 946 Latine
1113 909 1382 962 expressa
1413 896 1858 947 continebantur.

282 961 390 1010 'um
424 960 642 1012 demum
671 963 901 1028 agnovi,
980 961 1073 1015 uid
1107 968 1164 1012 te
1191 960 1542 1022 adduxisset,
1583 968 1646 1012 ut
1673 963 1742 1013 ad
1767 977 1858 1013 me

242 1025 503 1094 populari
541 1042 799 1079 sermone
837 1029 949 1080 scri
991 1041 1134 1078 eres.
1207 1026 1402 1094 Neque
1441 1029 1586 1078 enim
1623 1027 1763 1078 illud
1798 1035 1858 1078 te

243 1093 437 1154 movit,
459 1094 517 1143 in
538 1109 647 1172 quo
669 1095 897 1158 iocaris,
920 1092 1278 1146 Phormionis
1301 1094 1640 1160 exemplum:
1677 1094 1780 1144 sed
1796 1095 1857 1146 id

240 1158 433 1225 potius
448 1158 655 1223 fecisti,
719 1157 1115 1225 ιλοτιμούμενος
1132 1157 1250 1224 παρ’
1274 1158 1400 1225 ἡμῖν
1421 1162 1498 1208 ἐπὶ
1521 1162 1584 1226 τῇ
1608 1162 1660 1207 ἐν
1680 1157 1858 1226 ἄμφο-

238 1226 407 1291 τέροις
441 1232 553 1282 τοῖς
581 1178 857 1292 &Ouskenon
896 1222 1115 1290 εὐεπείᾳ.
1190 1226 1355 1287 Quod
1383 1226 1676 1278 artificium
1702 1233 1858 1279 tuum

241 1305 369 1343 cum
394 1292 505 1345 iam
546 1292 827 1346 detectum
854 1308 981 1344 esse
1020 1294 1238 1345 videam
1277 1308 1482 1344 censeo
1514 1291 1750 1362 posthac
1787 1294 1858 1345 ad

240 1369 329 1410 me
363 1373 585 1428 quoque
606 1361 835 1422 Latine,
866 1363 918 1412 si
942 1359 1252 1423 videbitur,
1287 1361 1518 1412 scribas.
1593 1360 1757 1420 Quod
1778 1367 1856 1411 ta-

238 1438 367 1476 men
387 1440 459 1476 ea
476 1427 604 1493 lege
624 1443 657 1477 a
672 1434 731 1478 te
752 1433 884 1493 peto
897 1463 913 1488 ,
943 1434 1007 1478 ut
1026 1442 1095 1478 ne
1113 1432 1414 1495 propterea
1431 1427 1610 1478 minus
1632 1426 1884 1479 crebras'

240 1498 341 1545 aut
369 1493 551 1544 minus
600 1494 799 1563 longas
840 1494 1059 1547 litteras
1098 1495 1216 1547 des.
1292 1494 1524 1555 Quidvis
1557 1495 1700 1545 enim
1743 1509 1857 1545 ma-

238 1559 297 1611 lo
322 1596 339 1625 ,
394 1574 561 1627 quam
600 1576 787 1613 earum
827 1561 1013 1613 fructu
1066 1576 1278 1613 carere.
1372 1560 1603 1611 Gaudeo
1636 1566 1860 1611 unctum

238 1640 425 1677 meum
455 1628 523 1677 de
544 1628 640 1691 iis,
683 1629 779 1695 qui
799 1629 930 1679 istic
948 1628 1040 1678 lus
1072 1626 1238 1678 civile
1261 1626 1622 1692 profitentur,
1657 1642 1860 1677 vanum

238 1692 439 1756 fuisse,
458 1700 517 1743 et
532 1708 633 1745 eos
656 1697 978 1760 scriptores,
1002 1709 1144 1760 quos
1167 1708 1273 1759 ego
1297 1692 1400 1742 tibi
1421 1692 1707 1758 dilaudat-e
1729 1705 1859 1742 con·

242 1774 563 1825 sueverant,
596 1763 766 1812 etiam
793 1763 922 1812 istic
948 1761 1160 1826 vigere.
1232 1758 1478 1811 Felicius
1501 1756 1680 1811 bacin
1699 1764 1857 1828 parte

240 1832 427 1880 tecum
448 1834 631 1878 actum
652 1834 766 1889 est,
800 1840 961 1894 quam
983 1841 1107 1878 cum
1129 1826 1457 1892 quibusdam
1474 1826 1600 1877 aliis
1635 1842 1860 1893 συμφοι-

239 1900 423 1957 τηταῖς
442 1894 571 1955 tuis,
596 1897 705 1961 qui,
729 1900 792 1945 ut
808 1909 844 1944 a
862 1908 950 1944 me
973 1894 1218 1960 digressi
1237 1898 1384 1955 sunt,
1404 1893 1554 1943 inter
1572 1894 1704 1945 illos
1726 1910 1856 1959 ουρ-

239 1958 486 2026 φετώδεις
506 1976 573 2010 ac
589 1959 939 2026 βορβορώδης
962 1960 1379 2026 splendidarum
1395 1962 1728 2028 ineptiarum
1744 1976 1856 2011 ma-

282 2026 453 2078 ‘stros
494 2033 918 2078 consenescunt.
990 2028 1037 2077 E
1082 2043 1113 2077 ο
1147 2033 1204 2078 et
1232 2026 1337 2077 tibi
1362 2024 1472 2077 hoc
1505 2028 1751 2088 nomine,
1794 2036 1858 2078 ut

238 2040 449 2154 glebae,
491 2094 768 2159 gratulor,
809 2100 868 2145 et
906 2095 1033 2162 cupi
1076 2108 1105 2145 e
1132 2099 1354 2160 tempus
1385 2094 1528 2144 illud
1565 2098 1851 2160 exspecto,

239 2175 363 2211 cum
392 2159 467 2209 ad
496 2174 599 2210 nos
630 2174 740 2210 non
770 2161 871 2210 illa
898 2161 1051 2211 inani
1091 2159 1458 2225 δοκησισοφίᾳ,
1497 2160 1598 2210 sed
1625 2173 1758 2209 vera
1787 2174 1853 2208 ac

236 2226 424 2277 solida
486 2225 927 2293 lurisprudentia
997 2227 1463 2278 instructissimus
1531 2224 1850 2275 revertaris.

234 2290 494 2343 Nondum
514 2293 761 2344 audiisse
789 2299 847 2343 te
868 2299 1033 2359 putu,
1061 2308 1149 2344 me
1172 2292 1262 2343 hic
1281 2290 1596 2343 Pandectas
1628 2289 1850 2356 publice

232 2357 620 2425 interpretari,
657 2374 771 2410 non
808 2361 929 2410 sine
969 2361 1157 2425 aliqua
1193 2359 1456 2409 molestia
1494 2370 1713 2417 eorum,
1755 2358 1853 2422 qui

233 2424 452 2476 nollent
471 2426 674 2491 contigi
700 2426 894 2477 oculos
918 2426 1264 2485 cornicibus,
1291 2430 1351 2473 et
1381 2437 1514 2488 quae
1531 2421 1744 2473 iuvenes
1771 2422 1848 2473 ds·-

235 2490 425 2553 dieere,
449 2507 595 2542 senes
614 2490 1098 2558 ridendasateriff)
1135 2488 1407 2555 Equidem
1429 2487 1572 2539 dabo
1594 2490 1846 2539 studiose

236 2570 464 2624 operam
474 2593 491 2619 ,
513 2564 577 2609 ut
596 2558 827 2623 eripiam
847 2572 918 2608 ex
936 2558 1136 2608 animis
1157 2555 1441 2606 hominum
1460 2553 1845 2606 stultissimam

288 2633 333 2692 *)
366 2635 440 2680 cf.
461 2636 575 2679 Hor.
595 2637 732 2693 epist.
749 2634 813 2679 11.
837 2640 875 2679 ι.
896 2639 964 2679 85.
