2275 3025
437 170 540 220 324
974 170 1051 220 M.
1088 171 1148 221 A.
1186 171 1501 223 MURE'rl

542 266 696 319 Nihil
732 266 911 319 adhuc
950 270 1115 320 audio
1158 270 1228 320 de
1266 270 1470 322 litteris
1501 270 1754 334 Graecis,
1796 289 1928 324 uum
1962 278 2060 328 eis

435 336 609 386 imbui
648 337 919 402 coeperis.
990 335 1073 385 Ea
1105 350 1197 387 res
1243 334 1380 386 mihi
1415 338 1684 389 maximae
1725 352 1894 390 curae
1937 352 2058 393 est.

434 400 526 453 Da
546 416 768 469 operam
791 401 969 451 modis
992 402 1265 463 omnibus,
1288 417 1356 452 ne
1377 402 1586 454 diutius
1605 402 1876 457 trahatur.
1915 405 2060 458 Mu-

438 482 505 519 ra
526 469 704 521 omnis
724 466 860 519 mihi
878 468 1275 520 molestissima
1293 466 1482 520 futura
1501 476 1604 521 est.

879 734 967 785 Vl.
1040 746 1255 783 murm
1293 746 1593 786 atnam.

506 800 691 883 Nune
730 833 947 885 demum
988 832 1197 883 videris
1236 830 1371 883 mihi
1407 834 1645 885 rediisse
1680 833 1754 885 ad
1791 841 2044 889 veterem

437 899 594 951 illam
612 900 671 948 in
692 898 985 951 scribendo
1007 898 1352 965 diligentiam
1374 904 1548 961 tuam,
1571 899 1638 950 de
1661 916 1770 965 qua
1788 904 2042 967 superio-

438 966 591 1017 ribus
636 965 835 1016 diebus
870 972 1082 1016 tantum
1111 966 1417 1015 detractum
1447 980 1598 1029 esse,
1639 982 1752 1016 non
1781 968 1916 1019 satis
1946 982 2043 1019 ae·

440 1047 572 1099 quo,
612 1045 681 1081 ne
704 1031 837 1097 quid
858 1039 914 1083 te
938 1033 1140 1093 celem,
1183 1032 1367 1081 animo
1389 1031 1655 1082 ferebam.
1727 1032 1908 1099 Perge
1930 1035 2041 1101 igi-

436 1104 552 1158 tur,
573 1105 636 1148 ut
656 1098 919 1164 coepisti,
943 1112 1103 1164 quam
1124 1103 1287 1163 potes
1309 1104 1366 1156 et
1387 1099 1713 1164 saepissime
1735 1106 1796 1149 et
1814 1114 2042 1151 accura-

436 1166 654 1216 tissime
694 1165 957 1215 seribere.
1030 1162 1172 1214 Nam
1211 1178 1280 1214 ea
1317 1178 1408 1214 res
1438 1170 1496 1215 et
1523 1162 1656 1216 mihi
1687 1165 1962 1231 voluptati
1983 1176 2042 1216 et

438 1230 790 1281 tibi'utilitati
812 1246 1056 1282 summae
1077 1228 1266 1279 futura
1287 1236 1389 1280 est.
1461 1229 1670 1282 Versus
1690 1245 1824 1281 vero
1847 1232 1928 1281 tui
1951 1248 2040 1282 sa·

437 1297 511 1346 tis
530 1296 733 1347 bonam
754 1311 906 1362 spem
928 1295 1060 1347 mihi
1082 1294 1349 1356 afferunt3
1385 1298 1574 1347 insunt
1613 1298 1839 1348 omnino
1883 1312 2040 1349 erro-

437 1375 528 1411 res
548 1360 789 1427 quidam,
828 1362 929 1413 sed
951 1376 1050 1413 eos
1070 1362 1503 1425 emendabimus,
1540 1378 1662 1413 cum
1684 1378 1795 1415 una
1811 1364 2029 1415 erimus.

680 1627 797 1680 vn.
835 1625 913 1677 M.
950 1625 1366 1678 ANTONIUS
1403 1627 1798 1679 MURETUR

826 1719 1131 1762 unacum
1173 1725 1462 1761 croi-*sno
1501 1723 1640 1762 suo.

498 1776 602 1861 Et
629 1811 852 1862 litterae
880 1818 1009 1863 tuae
1036 1825 1166 1862 sero
1194 1809 1487 1861 admodum
1516 1811 1586 1860 ad
1622 1823 1709 1860 me
1747 1807 2031 1874 perferun-

434 1883 547 1935 tur,
588 1885 645 1927 et
665 1891 736 1927 ex
752 1879 891 1928 meis
912 1877 983 1927 ad
1001 1884 1059 1927 te
1080 1878 1346 1944 quasdam
1377 1876 1634 1940 intercipi
1668 1875 1852 1926 video.
1922 1875 2032 1942 Egi

432 1942 543 1990 iam
560 1941 661 1990 tibi
687 1945 898 2008 gratias
920 1944 990 1994 de
1010 1942 1188 2002 libris,
1212 1958 1350 2008 quos
1373 1941 1443 1992 ad
1461 1957 1548 1991 me
1569 1941 1802 2001 misisti,
1847 1954 1878 1991 e
1911 1943 2030 2008 qui·

432 2006 536 2056 bus
560 2009 799 2057 maximo
819 2009 945 2058 usui
969 2010 1076 2058 erit
1096 2008 1433 2059 Priscianus.
1505 2008 1690 2058 Ceteri
1717 2013 1904 2058 tamen
1919 2009 2030 2074 ipsi

434 2074 1043 2191 ‘'oss‘l‘ssssssout‘ss'mssfiffiii
1046 2089 1143 2189 ¹:33
1146 2075 1350 2190 ¹331?ss
1355 2080 1468 2190 ¹:2¹2,ss
1475 2071 2024 2206 332‘25255‘3233·

779 2175 795 2201 2
1802 2173 1817 2200 2

432 2221 528 2257 rae
551 2204 775 2257 habeas.
846 2155 1028 2257 Etiam
1062 2220 1186 2256 eum
1215 2207 1294 2257 lo.
1321 2207 1576 2270 Baptista
1597 2206 1825 2270 Stampa
1855 2206 2025 2271 agito,

432 2273 483 2321 si
510 2273 643 2337 quid
670 2271 804 2323 mihi
834 2288 973 2340 opus
1006 2271 1209 2324 afferre
1236 2274 1431 2340 possit.
1502 2270 1640 2322 Nam
1669 2277 1729 2320 et
1753 2270 1930 2336 ipsius
1947 2271 2026 2320 in-

431 2338 630 2388 stituto
672 2347 1105 2390 consentaneum
1150 2345 1238 2389 est
1272 2338 1557 2389 benefieiis
1598 2337 1820 2386 afficere
1865 2351 2022 2402 quam

432 2403 725 2468 plurimos3
765 2411 823 2454 et
842 2420 979 2472 ego,
1008 2407 1055 2455 si
1078 2403 1219 2455 nihil
1238 2404 1412 2464 aliud,
1441 2409 1591 2452 certe
1617 2416 1718 2452 eos
1741 2416 1956 2464 omnes,
1991 2417 2026 2452 a

432 2469 632 2535 quibus
651 2470 863 2535 aliquid
883 2484 1177 2537 accepero,
1201 2469 1429 2520 ornabo.
1501 2467 1675 2517 Dolet
1693 2465 1855 2528 mihi,
1879 2468 2023 2534 quod

432 2547 575 2594 eum,
596 2535 689 2598 qui
709 2534 844 2586 mihi
863 2542 1173 2602 postremas
1197 2549 1230 2584 a
1248 2540 1306 2584 te
1326 2535 1542 2582 litteras
1557 2531 1763 2594 attulit,
1784 2547 1948 2597 quem
1967 2539 2026 2583 tu

434 2605 495 2648 ut
520 2597 787 2648 disertum
816 2597 1297 2650 doetrinae-nobis
1327 2613 1362 2648 a
1380 2598 1504 2647 Deo
1527 2597 1768 2648 traditae
1785 2599 2024 2662 expliea-

431 2669 612 2716 torem
652 2670 709 2715 et
744 2665 1032 2729 praeclare
1070 2663 1220 2729 apud
1255 2679 1358 2715 vos
1398 2677 1467 2713 eo
1506 2675 1733 2713 munere
1777 2661 2022 2714 functum
